
@article{dummy,
  author  = {Doe, John and Doe, Jane},
  title   = {Dummy},
  journal = {Nothing},
  volume  = {69},
  number  = {420},
  year    = {2001}
}

@phdthesis{Penzel2015,
  author = {Penzel, Florian},
  title  = {Automated measurement of bolometer line of sight alignment and characteristics for application in ITER},
  school = {Technische Universität München, Lehrstuhl für Messsystem- und Sensortechnik},
  year   = {2015}
}

@article{Giannone2002,
  author  = {Giannone, L. and Mast, K. and Schubert, M.},
  title   = {Derivation of bolometer equations relevant to operation in fusion experiments},
  journal = {American Institute of Physics - Review of Scientific Instruments},
  volume  = {73},
  number  = {3205},
  year    = {2002}
}

@article{Gildemeister1999,
  author  = {Gildemeister, J. M. and Lee, Adrian T. and Richards, P. L.},
  title   = {A fully lithographed voltage-biased superconducting spiderweb bolometer},
  journal = {American Institute of Physics - Review of Scientific Instruments},
  volume  = {74},
  number  = {868},
  year    = {1999}
}

@book{Langley1881,
  author    = {Langley, S. P.},
  editor    = {Gregory Bros., Printers},
  title     = {The "bolometer"},
  publisher = {New York, The Society},
  year      = {1881}
}

@book{Press1992,
  author    = {Press, W.H., Teukolsky, S.A., Vetterling, W.T. and Flannery, B.P.},
  title     = {Numerical Recipes in Fortran. 2nd Edition},
  publisher = {Cambridge University Press, Cambridge},
  year      = {1992}
}

@article{Langley1880,
  author  = {Langley, S. P.},
  title   = {The bolometer and radiant energy},
  journal = {Proceedings of the American Academy of Arts and Sciences},
  volume  = {16},
  number  = {pp. 342-358},
  year    = {1880}
}

@article{Kumar2003,
  author  = {Rajendra Kumar, R. T. and Karunagaran, B. and Mangalaraj, D. and Narayandass, Sa. K. and Manoravi, P. and Joseph, M. and Gopal, V. and Madaria, R. K. and Singh, J. P.},
  title   = {Room temperature deposited vanadium oxide thin films for uncooled infrared detectors},
  journal = {Materials Research Bulletin},
  volume  = {38},
  number  = {7},
  year    = {2003}
}

@article{Arrhenius1896,
  author  = {Arrhenius, S.},
  title   = {On the influence of carbonic acid in the air
             upon the temperature of the ground},
  journal = {Dublin Philosophical Magazine
             and Journal of Science},
  volume  = {41},
  number  = {251},
  year    = {1896}
}

@article{Huebers2000,
  author  = {Huebers, H.-W. and Semenov, A. and Schubert, J. and Gol'tsman, G. N. and Voronov, B. M. and Gershenzon, E. M. and Krabbe, A. and Roeser, H.-P.},
  title   = {NbN hot-electron bolometer as THz mixer for SOFIA},
  journal = {Airborne Telescope Systems},
  volume  = {4014},
  number  = {},
  year    = {2000}
}

@article{Husan1975,
  author  = {Hsuan, H. and Bol, K. and Ellis, R. A.},
  title   = {Measurement of the energy balance in ATC tokamak},
  journal = {Nuclear Fusion},
  volume  = {15},
  number  = {657},
  year    = {1975}
}

@article{Degeling2004,
  author  = {Degeling, A. W. and Weisen, H. and Zabolotsky, A. and  Duval, B. P. and Pitts, R. A. and Wischmeier, M. and Lavanchy, P. and Marmillod, Ph. and Pochon, G.},
  title   = {AXUV bolometer and Lyman-\textgreek{α} camera systems on the TCV tokamak},
  journal = {Review of Scientific Instruments},
  volume  = {75},
  number  = {4139},
  year    = {2004}
}

@article{Peterson2000,
  author  = {Peterson, B. J.},
  title   = {Infrared imaging video bolometer},
  journal = {Review of Scientific Instrument},
  volume  = {71},
  number  = {3696},
  year    = {2000}
}

@article{Peterson2003_1,
  author  = {Peterson, B. J. and Kostrioukov, A. Yu. and Ashikawa, N. and Osakabe, M. and Sudo, S.},
  title   = {Calibration and sensitivity of the infrared imaging video bolometer},
  journal = {Review of Scientific Instruments},
  volume  = {74},
  number  = {2040},
  year    = {2003}
}

@article{Peterson2016,
  author  = {Peterson, B. J. and Mukai, K. and Sano, R. and Kojima, H. and LHD Experiment Group and Zhang, D. and Jakubowski, M. and Krychowiak, M. and Feng, Y. and Koenig, R. and Pedersen, T. S. and W7-X Experiment Group},
  title   = {Preliminary Design of Imaging Bolometer Fields of View for Wendelstein7-X},
  journal = {Plasma and Fusion Research},
  volume  = {11},
  number  = {2402101},
  year    = {2016}
}

@article{Iborra1993,
  author  = {Iborra, E. and Sanz‐Hervás, A. and Rodríguez, T.},
  title   = {A new design of a semiconductor bolometer on rigid substrate for fusion plasma diagnostics
             },
  journal = {Review of Scientific Instruments},
  volume  = {64},
  number  = {1714},
  year    = {1993}
}

@article{Maio1997,
  author  = {Di Maio, M. and Reichle, R. and Giannella, R.},
  title   = {Design of a ferroelectric bolometer},
  journal = {17th IEEE/NPSS Symposium Fusion Engineering},
  volume  = {2},
  number  = {775},
  year    = {1997}
}

@article{Zhang2010,
  author  = {D. Zhang, D. and Burhenn, R. and Koenig, R. and Giannone, L. and Grodzki, P. A. and Klein, B. and Grosser, K. and Baldzuhn, J. and Ewert, K. and Erckmann, V. and Hirsch, M and Laqua, H. P. and Oosterbeek, J. W.},
  title   = {Design criteria of the bolometer diagnostic for steady-state operation of the W7-X stellarator},
  journal = {Review of Scientific Instrument},
  volume  = {81},
  number  = {10E134},
  year    = {2010}
}

@article{Zhang2021,
  doi       = {10.1088/1741-4326/ac2b75},
  url       = {https://doi.org/10.1088/1741-4326/ac2b75},
  year      = 2021,
  publisher = {{IOP} Publishing},
  volume    = {61},
  number    = {12},
  pages     = {126002},
  author    = {D. Zhang and R. Burhenn and Y. Feng and R. König and B. Buttenschön and C.D. Beidler and P. Hacker and F. Reimold and H. Thomsen and R. Laube and T. Klinger and L. Giannone and F. Penzel and A. Pavone and M. Krychowiak and M. Beurskens and S. Bozhenkov and J.K. Brunner and F. Effenberg and G. Fuchert and Y. Gao and J. Geiger and M. Hirsch and U. Höfel and M. Jakubowski and J. Knauer and S. Kwak and H.P. Laqua and H. Niemann and M. Otte and T. Sunn Pedersen and E. Pasch and N. Pablant and K. Rahbarnia and J. Svensson and B. Blackwell and P. Drews and M. Endler and L. Rudischhauser and E. Wang and G. Weir and V. Winters and  the W7-X Team},
  title     = {Plasma radiation behavior approaching high-radiation scenarios in W7-X},
  journal   = {Nuclear Fusion}
}

@article{Zhang2024,
  title = {Calculations for detection efﬁciency from tabulated coefﬁcients of Henke et al [Henke B.L., Gullikson E.M. and Davis J.C. 1993 At. Data Nucl. Data 54 181]},
  year  = {2024}
}

@article{Mueller1984,
  author  = {Müller, E. R. and Mast, F.},
  title   = {A new metal resistor bolometer for measuring vacuum ultraviolet and soft x radiation},
  journal = {Journal of Applied Physics},
  volume  = {55},
  number  = {2635},
  year    = {1984}
}

@article{Furno1999,
  author  = {Furno, I. and Weisen, H. and Mlynar, J. and Pitts, R. A. and Llobet, X. and Marmillod, Ph. and Pochon, G. P.},
  title   = {Fast bolometric measurements on the TCV tokamak},
  journal = {Review of Scientific Instruments},
  volume  = {70},
  number  = {4552},
  year    = {1999}
}

@article{Peterson2003_2,
  author  = {Peterson, B. J. and Kostrioukov, A. Y. and Ashikawa, N. and Liu, Y and Xu, Y. and Osakabe, M. and  Watanabe, K. Y. and Shimozuma, T. and Sudo, S. and the LHD Experiment Group},
  title   = {Bolometer diagnostics for one- and two-dimensional measurements of radiated power on the Large Helical Device},
  journal = {Plasma Physics and Controlled Fusion},
  volume  = {45},
  number  = {1167},
  year    = {2003}
}

@article{Wurden1997,
  author  = {Wurden, G.A.},
  title   = {A radiation-hard, steady state, digital imaging bolometer system},
  journal = {Fusion Engineering and Design},
  volume  = {34-35},
  number  = {301},
  year    = {1997}
}

@article{Pandya2014,
  author  = {Pandya, S. N. and Peterson, B. J. and Sano, R. and Mukai, K. and Drapiko, E. A. and Alekseyev, A. G. and Akiyama, T. and Itomi, M. and Watanabe, T.},
  title   = {Calibration of a thin metal foil for infrared imaging video bolometer to estimate the spatial variation of thermal diffusivity using a photo-thermal technique},
  journal = {Review of Scientific Instruments},
  volume  = {85},
  number  = {054902},
  year    = {2014}
}

@article{Bernert2014,
  author  = {Bernert, M. and Eich, T. and Burckhartm A. and Fuchs, J. C. and Giannone, L. and Kallenbach, A. and McDermott, R. M. and Sieglin, B.},
  title   = {Application of AXUV diode detectors at ASDEX Upgrade},
  journal = {Review of Scientific Instruments},
  volume  = {85},
  number  = {3},
  year    = {2014}
}

@article{Meister2008,
  author  = {Hans Meister, H. and Giannone, L. and Horton, L. D. and Raupp, G. and Zeidner, W. and Grunda, G. and Kalvin, S. and Fischer, U. and Serikov, A. and Stickel, S. and Reichle, R. and ITER Organization},
  title   = {The ITER bolometer diagnostic: Status and plans},
  journal = {Review of Scientific Instruments},
  volume  = {79},
  number  = {10},
  year    = {2008}
}

@article{Mast1991,
  author  = {Mast, K. F. and Vallet, J. C. and Andelfinger, C. and Betzler, P. and Kraus, H. and Schramm, G.},
  title   = {A low noise highly integrated bolometer array for absolute measurement of VUV and soft x radiation},
  journal = {Review of Scientific Instruments},
  volume  = {62},
  number  = {744},
  year    = {1991}
}

@article{Gianonne1997,
  author  = {Giannone, L. and Elsner, A. and Heinrich, O. and Hirsch, M. and W7-AS team},
  title   = {Tomography by the maximum entropy method for the W7-AS and W7-X multichannel bolometer systems},
  journal = {Review of Scientific Instruments},
  volume  = {68},
  number  = {762},
  year    = {1997}
}

@article{Li2021,
  doi       = {10.1088/1361-6587/abd0a3},
  url       = {https://dx.doi.org/10.1088/1361-6587/abd0a3},
  year      = {2021},
  publisher = {IOP Publishing},
  volume    = {63},
  number    = {3},
  pages     = {035002},
  author    = {Dong Li and Liang Liu and J Svensson and T B Wang and J X LI and X X He and Z B Shi and Min Xu},
  title     = {Application of Bayesian tomography method to the visible spectroscopic diagnostic on HL-2A tokamak},
  journal   = {Plasma Physics and Controlled Fusion}
}

@article{Koenig2010,
  author  = {König, R. and Baldzuhn, J. and Biel, W. and Biedermann, C. and Burhenn, R. and Bozhenkov, S. and Cantarini, J. and Dreier, H. and Endler, H. and Hartfuss, H.-J. and Hildebrandt, D. and Hirsch, M. and Jakubowski, M. and Jimenez-Gomez, R. and Kocsis, G. and Kornejev, P. and Krychowiak, M. and Laqua, H. P. and Laux, M. and Oosterbeek, J. W. and Pasch, P. and Richert, T. and Schneider, W. and Schweer, B. and Svensson, J. and Thomsen, H. and Weller, A. and Werner, A. and Wolf, R. and Zhang, D. and Zoletnik S.},
  title   = {Diagnostics design for steady-state operation of the Wendelstein 7-X stellarator},
  journal = {Review of Scientific Instruments},
  volume  = {81},
  number  = {10E133},
  year    = {2010}
}

@article{Burhenn2011,
  author  = {Burhenn, R. and Baldzuhn, J. and Biel, W. and Dreier, H. and Endler, M. and Jimenez‐Gomez, R. and Grosser, K. and Hartfuss, H. J. and Hildebrandt, D. and Hirsch, M. and König, R. and Kornejew, P. and Krychowiak, M. and Laqua, H. P. and Laux, M. and Oosterbeek, J. W. and Pasch, E. and Schneider, W. and Thomsen, H. and Weller, A. and  Werner, A. and Wolf, R. and Zhang, D.},
  title   = {Diagnostics Development for Steady State Operation of the Stellarator Wendelstein 7-X},
  journal = {Contributions to Plasma Pysics (International Conference on Plasma Diagnostics, Pontà-Mousson, France, April 2010},
  volume  = {51},
  number  = {2-3},
  year    = {2011}
}

@article{Takahashi1986,
  author  = {Takahashi, Y. and Akiyama, H.},
  title   = {Heat capacity of gold from 80 to 1000 K},
  journal = {Thermochimica Acta},
  volume  = {109},
  number  = {1},
  year    = {1986}
}

@book{Cutnell1998,
  author    = {Cutnell, John D. and Johnson, Kenneth W.},
  title     = {Physics (4th Edition, Volume 1)},
  publisher = {Wiley},
  year      = {1998}
}

@book{Lloyd1998,
  author    = {Lloyd, David H.},
  title     = {Physics Laboratory Manual. 2nd Edition},
  publisher = {Saunders college Publishing},
  year      = {1998}
}

@book{Seitz1987,
  author    = {Seitz, Frederick},
  title     = {The Modern Theory of Solids},
  publisher = {New York: Dover Publications},
  year      = {1987}
}

@book{Lide1996,
  author    = {Lide, David R.},
  title     = {Handbook of Chemistry and Physics. 75th Edition.},
  publisher = {New York: CRC Press},
  year      = {1996}
}

@article{Hirsch2013,
  author  = {Hirsch, M. and Laqua, H. P. and Hathiramani, D. and Oosterbeek, J. and Baldzuhn, J. and Biedermann, C. and v.d. Brand, H. and Cardella, A. and Erckmann, V. and Jimenez, R. and König, R. and Köppen, M. and Parquay, S. and Zhang, D. and the W7-X Team},
  title   = {The Impact of Microwave Stray Radiation to In-Vessel Diagnostic Components},
  journal = {AIP Conference Proceedings, International Conference on Fusion Reactor Diagnostics, Villa Monastero, Varenna, Italy},
  volume  = {1612},
  number  = {39},
  year    = {2013}
}

@article{Floristan2011,
  author  = {Floristán, M. and Müller, P. and Gebhardt, A. and Killinger, A. and Gadow, R. and Cardella, A. and Li, C. and Stadler, R. and Zangl, G. and Hirschd, M. and Laqua, H. P. and Kasparek, W.},
  title   = {Development and testing of 140 GHz absorber coatings for the water baffle of W7-X cryopumps},
  journal = {Fusion Engineering and Design},
  volume  = {86},
  number  = {9-11},
  year    = {2011}
}

@article{Zhang2012,
  author  = {Zhang, D. and Meister, H. and Gianonne, L. and König, R. and Burhenn, R. and Bergmann, Th. and Chauvin, D. and Devynck, P. and Grodzki, P.A. and Höchel, K. and Sunn Pedersen, Th.},
  title   = {Thermal Drift Study on the Bolometer Diagnostic for Steady-State Fusion Plasmas},
  journal = {39th EPS Conference and 16th Int. Congress on Plasma Physics},
  volume  = {P5},
  number  = {040},
  year    = {2012}
}

@article{Zhang2009,
  author  = {Zhang, D. and Giannone, L. and Glaubitz, M. and Grote, H. and Konig, R. and Volzke, O.},
  title   = {Concept to reduce the measurement error of the metal resistive bolometer through remedying the neutral gas pressure effect},
  journal = {2009 IEEE International Conference on Plasma Science - Abstracts},
  volume  = {1-5 June, 2009},
  doi     = {10.1109/PLASMA.2009.5227389},
  year    = {2009}
}

@article{Zhang2008,
  author  = {Zhang, D. and Giannone, L. and Grulke, O. and Piechotka, M. and Windisch, T. and Stark, A. and Klinger, T.},
  title   = {Investigation of the Neutral Gas Pressure
             Effect on the Metal Resistive Bolometer},
  journal = {AIP Conference Proceedings},
  volume  = {933},
  number  = {199},
  year    = {2008}
}

@article{Zhang2018,
  author  = {Zhang, D. and König, R. and Feng, Y. and Burhenn, R. and Brezinsek, S. and Jakubowski, M. and Buttenschön, B. and Niemann, H. and Krychowiak, M. and Alonso, A. and Baldzuhn, J. and Biedermann, C. and Bozhenkov, S. and Brunner, J. and Hirsch, M. and Damm, H. and Effenberg, F. and Fuchert, G. and Gao, Y. and Giannone, L. and Knauer, J. and Kwak, S. and Laqua, H. and Pasch, E. and Pavone, A. and Penzel, F. and Rahbarnia, K. and Svensson, J. and Thomsen, H. and Winters, V. and Klinger, T. and the W7-X Team},
  title   = {First observation of a stable highly-radiative divertor regime at stellarator W7-X},
  journal = {45th EPS Conference on Plasma Physics},
  volume  = {O3},
  number  = {103},
  year    = {2018}
}

@article{Jakubowski2020,
  author  = {Jakubowski, M and König, R. and Schmitz, O. and Feng, Y. and Krychowiak, M. and Otte,  M. and Reimold, F. and Dinklage, A. and Drewelow, P. and Effenberg, F. and Gao, Y. and Niemann, H. and Schlisio, G and Pavone, A. and Pedersen, T. S. and Wenzel, U. and Zhang, D. and Brezinsek, S. and Bozhenkov, S. and Brunner, K. J. and Carralero, D. and Hammond, K. and Fuchert, G. and Knauer, J. and Langenberg, A. and Laqua, H. and Marsen, S. and Pablant, N. and Rahbarnia, K. and Rudichshauser, L. and Stange, T. and Wurden, G. and the W7-X Team},
  title   = {Heat and particle flux detachment with stable plasma conditions in the Wendelstein 7-X stellarator fusion experiment},
  journal = {Physical Review Letters},
  volume  = {preprint},
  year    = {2020}
}

@article{Wenzel1997,
  title    = {Spatial radiation profiles in the ASDEX Upgrade divertor for detached plasmas},
  journal  = {Journal of Nuclear Materials},
  volume   = {241-243},
  pages    = {728-733},
  year     = {1997},
  issn     = {0022-3115},
  doi      = {https://doi.org/10.1016/S0022-3115(97)80130-4},
  url      = {https://www.sciencedirect.com/science/article/pii/S0022311597801304},
  author   = {U. Wenzel and A. Thoma and R. Dux and Ch. Fuchs and A. Herrmann and St. Hirsch and A. Kallenbach and H. Kastelewicz and M. Laux and F. Mast and B. Napiontek},
  keywords = {ASDEX Upgrade, VUV spectroscopy, Divertor detachment, MARFE}
}

@article{Zhang2019,
  author  = {Zhang, D. and Burhenn, R. and Reimold, F. and Hacker, P. and Giannone, L. and Brunner, K.J. and Buttenschön, B. and Fuchert, G. and Laqua, H. P. and Rahbarnia, K. and Beidler, C. D. and Brezinsek, S. and Feng, Y. and Jakubowski, M. and König, R. and the W7-X Team},
  title   = {Impact of impurity radiation locations on the plasma performance at W7-X stellarator},
  journal = {46th EPS Conference on Plasma Physics},
  volume  = {P2},
  number  = {1058},
  year    = {2019}
}

@article{Zhang2014,
  author  = {Zhang, D. and Dux, R. and Burhenn, R. and Thomsen, H. and Jenzsch, H. and König, R. and Pedersen, T. S.},
  title   = {Feasibility Assessment of Bolometry as Impurity Transport Study Tool for the Stellarator W7-X},
  journal = {41st EPS Conference on Plasma Physics},
  volume  = {P1},
  number  = {068},
  year    = {}
}

@article{Zhang2020,
  author  = {Zhang, D.},
  title   = {Plasma radiation behavior approaching high-radiation scenarios in W7-X},
  journal = {28th IAEA Fusion Energy Conference (FEC 2020)},
  volume  = {CID--984},
  year    = {2020}
}

@article{Grulke2018,
  author  = {Grulke, O.},
  title   = {Plasma Dynamics and Transport Studies in Wendelstein 7-X},
  journal = {International Atomic Energy Agency (IAEA)},
  volume  = {CN--258},
  year    = {2018}
}

@article{Fuchert2018,
  doi       = {10.1088/1741-4326/aad78b},
  url       = {https://doi.org/10.1088/1741-4326/aad78b},
  year      = {2018},
  publisher = {{IOP} Publishing},
  volume    = {58},
  number    = {10},
  pages     = {106029},
  author    = {G. Fuchert and S.A. Bozhenkov and N. Pablant and K. Rahbarnia and Y. Turkin and A. Alonso and T. Andreeva and C.D. Beidler and M. Beurskens and A. Dinklage and J. Geiger and M. Hirsch and U. Höfel and J. Knauer and A. Langenberg and H.P. Laqua and H. Niemann and E. Pasch and T. Sunn Pedersen and T. Stange and J. Svensson and H. Trimino Mora and G.A. Wurden and D. Zhang and R.C. Wolf},
  title     = {Global energy confinement in the initial limiter configuration of Wendelstein 7-X},
  journal   = {Nuclear Fusion}
}

@article{Murari2007,
  title    = {JET new diagnostic capability on the route to ITER},
  journal  = {Fusion Engineering and Design},
  volume   = {82},
  number   = {5},
  pages    = {1161-1166},
  year     = {2007},
  note     = {Proceedings of the 24th Symposium on Fusion Technology},
  issn     = {0920-3796},
  doi      = {https://doi.org/10.1016/j.fusengdes.2007.03.022},
  url      = {https://www.sciencedirect.com/science/article/pii/S0920379607001111},
  author   = {A. Murari and T. Edlington and J. Brzozowski and E. {de La Luna} and P. Andrew and G. Arnoux and F.E. Cecil and L. Cupido and D. Darrow and V. Kiptily and J. Fessey and E. Gauthier and S. Hacquin and K. Hill and A. Huber and T. Loarer and K. McCormick and M. Reich},
  keywords = {Plasma diagnostics, ITER, JET}
}

@article{Arnoux2011,
  title   = {Heat load measurements on the JET first wall during disruptions},
  journal = {Journal of Nuclear Materials},
  volume  = {415},
  number  = {1, Supplement},
  pages   = {S817-S820},
  year    = {2011},
  note    = {Proceedings of the 19th International Conference on Plasma-Surface Interactions in Controlled Fusion},
  issn    = {0022-3115},
  doi     = {https://doi.org/10.1016/j.jnucmat.2010.11.042},
  url     = {https://www.sciencedirect.com/science/article/pii/S0022311510007440},
  author  = {G. Arnoux and B. Bazylev and M. Lehnen and A. Loarte and V. Riccardo and S. Bozhenkov and S. Devaux and T. Eich and W. Fundamenski and T. Hender and A. Huber and S. Jachmich and U. Kruezi and G. Sergienko and H. Thomsen}
}

@article{Peterson2016_EPS,
  author  = {Peterson, B. J. and Sano, R. and Zhang, D. and Feng, Y. and Mukai, K. and Jakubowski, M. and Krychowiak, M. and Koenig, R. and Sunn Pederse, T.},
  title   = {Detailed design of imaging bolometer fields of view for Wendelstein7-X},
  journal = {43rd EPS Conference on Plasma Physics},
  volume  = {P4},
  number  = {018},
  year    = {2016}
}

@article{Reiter2005,
  author    = {D. Reiter and M. Baelmans and P. Börner},
  title     = {The EIRENE and B2-EIRENE Codes},
  journal   = {Fusion Science and Technology},
  volume    = {47},
  number    = {2},
  pages     = {172-186},
  year      = {2005},
  publisher = {Taylor \& Francis},
  doi       = {10.13182/FST47-172},
  url       = {https://doi.org/10.13182/FST47-172}
}

@article{Zhang2013,
  author  = {Zhang, D. and Thomsen, H. and Bozhenkov, S. and Bräuer, T. and Greve, H. and Grodzki, P.A. and Jenzsch, H. and König, R. and Otte, M. and Pedersen, T. S.},
  title   = {Optimization of Lines of Sight for Tomographic Reconstruction of the Bolometer Diagnostic at the W7-X Stellarator},
  journal = {40th EPS Conference on Plasma Physics},
  volume  = {P5},
  number  = {121},
  year    = {2013}
}

@book{Candes2021,
  author    = {Candes, E. and Sing-Long, C. A.},
  editor    = {Bates, E.},
  title     = {Applied Fourier Analysis and Elements of Modern Signal Processing},
  publisher = {Stanford, Statistics; SCOOL OF HUMANITIES \& SCIENCES},
  year      = {2021}
}

@article{Mlynar2012,
  author  = {Mlynar, J. and Imrisek, M. and Weinzettl, V. and Odstrcil, M.  and Havlicek, J. and Janky, F. and Alper, B. and Murari, A.},
  title   = {Introducing minimum Fisher regularisation tomography to AXUV and soft x-ray diagnostic systems of the COMPASS tokamak},
  journal = {Review of Scientific Instruments},
  volume  = {83},
  number  = {10},
  pages   = {10E531},
  year    = {2012},
  doi     = {10.1063/1.4738648},
  url     = {https://doi.org/10.1063/1.4738648},
  eprint  = {https://doi.org/10.1063/1.4738648}
}

@article{Calvetti2003,
  author  = {Calvetti, Daniela and Reichel, Lothar},
  year    = {2003},
  pages   = {263-283},
  title   = {Tikhonov Regularization of Large Linear Problems},
  volume  = {43},
  journal = {BIT},
  doi     = {10.1023/A:1026083619097}
}

@book{Freidberg2007,
  author    = {Freidberg, J.P.},
  editor    = {Massachusetts Institute of Technology},
  title     = {Plasma Physics and Fusion Energy},
  publisher = {Cambridge University Press},
  year      = {2007}
}

@article{Bozhenkov2016,
  author  = {Bozhenkov, S.A. and G. Fuchert, G. and H. Niemann, H.  and M. Beurskens, M.  and Y. Feng, Y.  and O.P. Ford, O.P. and J. Geiger, J. and M. Hirsch, M.  and U. Höfel, U. and M.W. Jakubowski, M.W. and J. Knauer, J. and P. Kornejew, P. and A. Langenberg, A. and H.P. Laqua, H.P. and H. Maassberg, H. and N.B. Marushchenko, N.B. and D. Moseev, D. and N. Pablant, N. and E. Pasch, E. and K. Rahbarnia, K. and T. Stange, T. and J. Svensson, J. and H. Trimino Mora, H. and P. Valson, P. and G. Wurden, G. and D. Zhang, D. and R.C. Wolf, R.C. and the W7-X team},
  title   = {Power Balance Analysis of Wendelstein 7-X Plasmas
             Using Profile Diagnostics},
  journal = {43rd EPS Conference on Plasma Physic},
  volume  = {O2},
  number  = {106},
  year    = {2016}
}

@article{Hirsch2008,
  doi       = {10.1088/0741-3335/50/5/053001},
  url       = {https://doi.org/10.1088/0741-3335/50/5/053001},
  year      = {2008},
  publisher = {{IOP} Publishing},
  volume    = {50},
  number    = {5},
  pages     = {053001},
  author    = {M Hirsch and J Baldzuhn and C Beidler and R Brakel and R Burhenn and A Dinklage and H Ehmler and M Endler and V Erckmann and Y Feng and J Geiger and L Giannone and G Grieger and P Grigull and H-J Hartfu{\ss} and D Hartmann and R Jaenicke and R König and H P Laqua and H Maa{\ss}berg and K McCormick and F Sardei and E Speth and U Stroth and F Wagner and A Weller and A Werner and H Wobig and S Zoletnik and},
  title     = {Major results from the stellarator Wendelstein 7-{AS}},
  journal   = {Plasma Physics and Controlled Fusion}
}

@article{Marsen2016,
  author  = {Marsen, S. and Stange, T. and Gellert, F. and Höfel, U. and Laqua, H.P. and Moseev, D. and Preynas M. and the W7-X Team},
  title   = {Performance of ECR heating during the first operational phase of W7-X},
  journal = {43rd EPS Conference on Plasma Physics},
  volume  = {P4},
  number  = {002},
  year    = {2016}
}

@article{Pasch2016,
  author  = {Pasch, E. and Beurskens, M. N. A. and Bozhenkov, S. A. and Fuchert,G. and Knauer, J. and Wolf, R. C.},
  title   = {The Thomson scattering system at Wendelstein 7-X},
  journal = {Review of Scientific Instruments},
  volume  = {87},
  number  = {11},
  pages   = {11E729},
  year    = {2016},
  doi     = {10.1063/1.4962248},
  url     = {https://aip.scitation.org/doi/abs/10.1063/1.4962248},
  eprint  = {https://aip.scitation.org/doi/pdf/10.1063/1.4962248}
}

@article{Bozhenkov2017,
  doi       = {10.1088/1748-0221/12/10/p10004},
  url       = {https://doi.org/10.1088/1748-0221/12/10/p10004},
  year      = {2017},
  publisher = {{IOP} Publishing},
  volume    = {12},
  number    = {10},
  pages     = {P10004--P10004},
  author    = {S.A. Bozhenkov and M. Beurskens and A. Dal Molin and G. Fuchert and E. Pasch and M.R. Stoneking and M. Hirsch and U. Höfel and J. Knauer and J. Svensson and H. Trimino Mora and R.C. Wolf},
  title     = {The Thomson scattering diagnostic at Wendelstein 7-X and its performance in the first operation phase},
  journal   = {Journal of Instrumentation}
}

@article{Rahbarnia2018,
  doi       = {10.1088/1741-4326/aacab0},
  url       = {https://doi.org/10.1088/1741-4326/aacab0},
  year      = {2018},
  publisher = {{IOP} Publishing},
  volume    = {58},
  number    = {9},
  pages     = {096010},
  author    = {K. Rahbarnia and H. Thomsen and U. Neuner and J. Schilling and J. Geiger and G. Fuchert and T. Andreeva and M. Endler and D. Hathiramani and T. Bluhm and M. Zilker and B.B. Carvalho and A. Werner and},
  title     = {Diamagnetic energy measurement during the first operational phase at the Wendelstein 7-X stellarator},
  journal   = {Nuclear Fusion}
}

@article{Gao2019,
  doi       = {10.1088/1741-4326/ab0f49},
  url       = {https://doi.org/10.1088/1741-4326/ab0f49},
  year      = {2019},
  publisher = {{IOP} Publishing},
  volume    = {59},
  number    = {6},
  pages     = {066007},
  author    = {Y. Gao and Marcin W. Jakubowski and Peter Drewelow and Fabio Pisano and Aleix Puig Sitjes and Holger Niemann and Adnan Ali and Barbara Cannas and},
  title     = {Methods for quantitative study of divertor heat loads on W7-X},
  journal   = {Nuclear Fusion}
}

@article{Pedersen2018,
  doi       = {10.1088/1361-6587/aaec25},
  url       = {https://doi.org/10.1088/1361-6587/aaec25},
  year      = {2018},
  publisher = {{IOP} Publishing},
  volume    = {61},
  number    = {1},
  pages     = {014035},
  author    = {Thomas Sunn Pedersen and Ralf König and Maciej Krychowiak and Marcin Jakubowski and Jürgen Baldzuhn and Sergey Bozhenkov and Golo Fuchert and Andreas Langenberg and Holger Niemann and Daihong Zhang and Kian Rahbarnia and Hans-Stephan Bosch and Yevgen Kazakov and Sebastijan Brezinsek and Yu Gao and Novimir Pablant and},
  title     = {First results from divertor operation in Wendelstein 7-X},
  journal   = {Plasma Physics and Controlled Fusion}
}

@article{Lawson1957,
  doi       = {10.1088/0370-1301/70/1/303},
  url       = {https://doi.org/10.1088/0370-1301/70/1/303},
  year      = {1957},
  publisher = {{IOP} Publishing},
  volume    = {70},
  number    = {1},
  pages     = {6--10},
  author    = {J D Lawson},
  title     = {Some Criteria for a Power Producing Thermonuclear Reactor},
  journal   = {Proceedings of the Physical Society. Section B}
}

@article{Persiani1972,
  author  = {Persiani, P.J. and Lipinski, W.C. and Hatch, A.J},
  title   = {SURVEY OF THERMONUCLEAR-REACTOR PARAMETERS},
  journal = {Controlled Thermonuclear Processes},
  volume  = {ANL},
  number  = {7807},
  year    = {1972}
}

@article{Nozawa1974,
  title   = {Assessment of the power balance in fusion reactors},
  author  = {Nozawa, M. and Steiner, D.},
  doi     = {10.2172/4385192},
  url     = {https://www.osti.gov/biblio/4385192},
  journal = {},
  number  = {},
  volume  = {},
  place   = {United States},
  year    = {1974}
}

@article{Renner2002,
  doi       = {10.1088/0741-3335/44/6/325},
  url       = {https://doi.org/10.1088/0741-3335/44/6/325},
  year      = {2002},
  publisher = {{IOP} Publishing},
  volume    = {44},
  number    = {6},
  pages     = {1005--1019},
  author    = {H Renner and J Boscary and H Greuner and H Grote and F W Hoffmann and J Kisslinger and E Strumberger and B Mendelevitch},
  title     = {Divertor concept for the W7-X stellarator and mode of operation},
  journal   = {Plasma Physics and Controlled Fusion}
}

@article{Feng2021,
  doi       = {10.1088/1741-4326/ac0772},
  url       = {https://dx.doi.org/10.1088/1741-4326/ac0772},
  year      = {2021},
  month     = {6},
  publisher = {IOP Publishing},
  volume    = {61},
  number    = {8},
  pages     = {086012},
  author    = {Feng, Y. and Jakubowski, M. and König, R. and Krychowiak, M. and Otte, M. and Reimold, F. and Reiter, D. and Schmitz, O. and Zhang, D. and Beidler, C.D. and Biedermann, C. and Bozhenkov, S. and Brunner, K.J. and Dinklage, A. and Drewelow, P. and Effenberg, F. and Endler, M. and Fuchert, G. and Gao, Y. and Geiger, J. and Hammond, K.C. and Helander, P. and Killer, C. and Knauer, J. and Kremeyer, T. and Pasch, E. and Rudischhauser, L. and Schlisio, G. and Sunn Pedersen, T. and Wenzel, U. and Winters, V. and W7-X team},
  title     = {Understanding detachment of the W7-X island divertor},
  journal   = {Nuclear Fusion}
}

@article{Feng2005,
  doi       = {10.1088/0029-5515/45/2/003},
  url       = {https://doi.org/10.1088/0029-5515/45/2/003},
  year      = {2005},
  publisher = {{IOP} Publishing},
  volume    = {45},
  number    = {2},
  pages     = {89--95},
  author    = {Y Feng and F Sardei and J Kisslinger and P Grigull and K McCormick and D Reiter and L Giannone and R König and N Ramasubramanian and H Thomsen and U Wenzel},
  title     = {Physics of the geometry-related detachment stability in W7-{AS}},
  journal   = {Nuclear Fusion}
}

@article{Feng2013,
  title   = {Up-scaling the island divertor along the W7-stellarator line},
  journal = {Journal of Nuclear Materials},
  volume  = {438},
  pages   = {S497-S500},
  year    = {2013},
  note    = {Proceedings of the 20th International Conference on Plasma-Surface Interactions in Controlled Fusion Devices},
  issn    = {0022-3115},
  doi     = {https://doi.org/10.1016/j.jnucmat.2013.01.102},
  url     = {https://www.sciencedirect.com/science/article/pii/S0022311513001104},
  author  = {Y. Feng}
}

@article{Feng1997,
  title    = {A 3D Monte Carlo code for plasma transport in island divertors},
  journal  = {Journal of Nuclear Materials},
  volume   = {241-243},
  pages    = {930-934},
  year     = {1997},
  issn     = {0022-3115},
  doi      = {https://doi.org/10.1016/S0022-3115(97)80168-7},
  url      = {https://www.sciencedirect.com/science/article/pii/S0022311597801687},
  author   = {Y. Feng and F. Sardei and J. Kisslinger and P. Grigull},
  keywords = {3D model, Fluid simulation, Monte Carlo simulation, Divertor plasma, W7-AS}
}

@article{Feng2016,
  doi       = {10.1088/0029-5515/56/12/126011},
  url       = {https://doi.org/10.1088/0029-5515/56/12/126011},
  year      = {2016},
  publisher = {{IOP} Publishing},
  volume    = {56},
  number    = {12},
  pages     = {126011},
  author    = {Y. Feng and C.D. Beidler and J. Geiger and P. Helander and H. Hölbe and H. Maassberg and Y. Turkin and D. Reiter and},
  title     = {On the W7-X divertor performance under detached conditions},
  journal   = {Nuclear Fusion}
}

@article{Spring2017,
  title    = {Establishing the Wendelstein 7-X steady state plasma control and data acquisition system during the first operation phase},
  journal  = {Fusion Engineering and Design},
  volume   = {123},
  pages    = {579-583},
  year     = {2017},
  note     = {Proceedings of the 29th Symposium on Fusion Technology (SOFT-29) Prague, Czech Republic, September 5-9, 2016},
  issn     = {0920-3796},
  doi      = {https://doi.org/10.1016/j.fusengdes.2017.03.127},
  url      = {https://www.sciencedirect.com/science/article/pii/S0920379617303526},
  author   = {Anett Spring and Torsten Bluhm and Michael Grahl and Martin Grün and Christine Hennig and Andreas Holtz and Jon Krom and Georg Kühner and Heike Laqua and Marc Lewerentz and Heike Riemann and Andreas Werner},
  keywords = {Wendelstein 7-X, Segment control, Continuous operation, Steady state, User tools, Application programming interfaces}
}

@article{Schmitz2020,
  doi       = {10.1088/1741-4326/abb51e},
  url       = {https://doi.org/10.1088/1741-4326/abb51e},
  year      = {2020},
  publisher = {{IOP} Publishing},
  author    = {Oliver Schmitz and Yuhe Feng and Marcin Jakubowski and Ralf König and Maciej Krychowiak and Matthias Otte and Felix Reimold and Tullio Barbui and Christoph Biedermann and Sergey A Bozhenkov and Sebastijan Brezinsek and Birger Buttenschön and Kai Jakob Brunner and Peter Drewelow and Florian Effenberg and Erik Flom and Heinke Frerichs and Oliver P Ford and Golo Fuchert and Yu Gao and Dorothea Gradic and Olaf Grulke and Kenneth Hammond and Uwe Hergenhahn and Udo Höfel and Jens P Knauer and Petra Kornejew and Thierry Kremeyer and Holger Niemann and Ekkehard Pasch and Andrea Pavone and Valeria Perseo and Lukas Rudischhauser and Georg Schlisio and Thomas Sunn Pedersen and U Wenzel and Victoria Winters and Glen A Wurden and Daihong Zhang},
  title     = {Stable heat and particle flux detachment with efficient particle exhaust in the island divertor of Wendelstein 7-X},
  journal   = {Nuclear Fusion}
}

@article{Matthews1995,
  title   = {Plasma detachment from divertor targets and limiters},
  journal = {Journal of Nuclear Materials},
  volume  = {220-222},
  pages   = {104-116},
  year    = {1995},
  note    = {Plasma-Surface Interactions in Controlled Fusion Devices},
  issn    = {0022-3115},
  doi     = {https://doi.org/10.1016/0022-3115(94)00450-1},
  url     = {https://www.sciencedirect.com/science/article/pii/0022311594004501},
  author  = {G.F. Matthews}
}

@article{Tenney1974,
  author = {Tenney, F. H. and Lewin, G.},
  year   = {1974},
  title  = {A fusion power plant}
}

@article{Krasheninnikov1996,
  title   = {Plasma recombination and divertor detachment},
  journal = {Physics Letters A},
  volume  = {214},
  number  = {5},
  pages   = {285-291},
  year    = {1996},
  issn    = {0375-9601},
  doi     = {https://doi.org/10.1016/0375-9601(96)00185-5},
  author  = {S.I. Krasheninnikov and A.Yu. Pigarov and D.J. Sigmar}
}

@article{Pacher2007,
  doi       = {10.1088/0029-5515/47/5/012},
  url       = {https://doi.org/10.1088/0029-5515/47/5/012},
  year      = {2007},
  publisher = {{IOP} Publishing},
  volume    = {47},
  number    = {5},
  pages     = {469--478},
  author    = {G.W Pacher and H.D Pacher and G Janeschitz and A.S Kukushkin and V Kotov and D Reiter},
  title     = {Modelling of {DEMO} core plasma consistent with {SOL}/divertor simulations for long-pulse scenarios with impurity seeding},
  journal   = {Nuclear Fusion}
}

@article{Kallenbach2013,
  doi       = {10.1088/0741-3335/55/12/124041},
  url       = {https://doi.org/10.1088/0741-3335/55/12/124041},
  year      = {2013},
  publisher = {{IOP} Publishing},
  volume    = {55},
  number    = {12},
  pages     = {124041},
  author    = {A Kallenbach and M Bernert and R Dux and L Casali and T Eich and L Giannone and A Herrmann and R McDermott and A Mlynek and H W Müller and F Reimold and J Schweinzer and M Sertoli and G Tardini and W Treutterer and E Viezzer and R Wenninger and M Wischmeier and},
  title     = {Impurity seeding for tokamak power exhaust: from present devices via {ITER} to {DEMO}},
  journal   = {Plasma Physics and Controlled Fusion}
}

@article{Loarte1998,
  doi       = {10.1088/0029-5515/38/3/303},
  url       = {https://doi.org/10.1088/0029-5515/38/3/303},
  year      = {1998},
  publisher = {{IOP} Publishing},
  volume    = {38},
  number    = {3},
  pages     = {331--371},
  author    = {A Loarte and R.D Monk and J.R Mart{\'{\i}}n-Sol{\'{\i}}s and D.J Campbell and A.V Chankin and S Clement and S.J Davies and J Ehrenberg and S.K Erents and H.Y Guo and P.J Harbour and L.D Horton and L.C Ingesson and H Jäckel and J Lingertat and C.G Lowry and C.F Maggi and G.F Matthews and K McCormick and D.P O{\textquotesingle}Brien and R Reichle and G Saibene and R.J Smith and M.F Stamp and D Stork and G.C Vlases},
  title     = {Plasma detachment in {JET} Mark I divertor experiments},
  journal   = {Nuclear Fusion}
}

@article{Shimomura1983,
  doi       = {10.1088/0029-5515/23/7/002},
  url       = {https://doi.org/10.1088/0029-5515/23/7/002},
  year      = {1983},
  publisher = {{IOP} Publishing},
  volume    = {23},
  number    = {7},
  pages     = {869--879},
  author    = {Y. Shimomura and M. Keilhacker and K. Lackner and H. Murmann},
  title     = {Characteristics of the divertor plasma in neutral-beam-heated {ASDEX} discharges},
  journal   = {Nuclear Fusion}
}

@article{Neuhauser1984,
  doi       = {10.1088/0029-5515/24/1/004},
  url       = {https://doi.org/10.1088/0029-5515/24/1/004},
  year      = {1984},
  publisher = {{IOP} Publishing},
  volume    = {24},
  number    = {1},
  pages     = {39--47},
  author    = {J. Neuhauser and W. Schneider and R. Wunderlich and K. Lackner},
  title     = {Modelling of impurity flow in the tokamak scrape-off layer},
  journal   = {Nuclear Fusion}
}

@article{Marmar1978,
  title   = {Recycling processes in tokamaks},
  journal = {Journal of Nuclear Materials},
  volume  = {76-77},
  pages   = {59-67},
  year    = {1978},
  issn    = {0022-3115},
  doi     = {https://doi.org/10.1016/0022-3115(78)90119-8},
  url     = {https://www.sciencedirect.com/science/article/pii/0022311578901198},
  author  = {E.S. Marmar}
}

@article{Stangeby1990,
  doi       = {10.1088/0029-5515/30/7/005},
  url       = {https://doi.org/10.1088/0029-5515/30/7/005},
  year      = {1990},
  publisher = {{IOP} Publishing},
  volume    = {30},
  number    = {7},
  pages     = {1225--1379},
  author    = {P.C. Stangeby and G.M. McCracken},
  title     = {Plasma boundary phenomena in tokamaks},
  journal   = {Nuclear Fusion}
}

@article{Harbour1989,
  title    = {The X-point scrape-off plasma in jet with L- and H-modes},
  journal  = {Journal of Nuclear Materials},
  volume   = {162-164},
  pages    = {236-244},
  year     = {1989},
  issn     = {0022-3115},
  doi      = {https://doi.org/10.1016/0022-3115(89)90276-6},
  url      = {https://www.sciencedirect.com/science/article/pii/0022311589902766},
  author   = {P.J. Harbour and D.D.R. Summers and S. Clement and J.P. Coad and L. {De Kock} and J. Ehrenberg and K. Erents and N. Gottardi and A. Hubbard and M. Keilhacker and P.D. Morgan and J.A. Snipes and M.F. Stamp and J.A. Tagle and A. Tanga and R. Behrisch and Wen-Min Wang},
  keywords = {JET, X-Point, L- and H-modes, scrape-off layer, probes, ion-induced desorption, flow reversal}
}

@article{Thomsen2004,
  doi       = {10.1088/0029-5515/44/8/002},
  url       = {https://doi.org/10.1088/0029-5515/44/8/002},
  year      = 2004,
  publisher = {{IOP} Publishing},
  volume    = {44},
  number    = {8},
  pages     = {820--826},
  author    = {H Thomsen and R König and Y Feng and P Grigull and T Klinger and K McCormick and N Ramasubramanian and U Wenzel and the W7-AS Team},
  title     = {Radiative condensation and detachment in Wendelstein 7-{AS} stellarator},
  journal   = {Nuclear Fusion}
}

@article{Pedersen2015,
  doi       = {10.1088/0029-5515/55/12/126001},
  url       = {https://doi.org/10.1088/0029-5515/55/12/126001},
  year      = {2015},
  publisher = {{IOP} Publishing},
  volume    = {55},
  number    = {12},
  pages     = {126001},
  author    = {T. Sunn Pedersen and T. Andreeva and H.-S. Bosch and S. Bozhenkov and F. Effenberg and M. Endler and Y. Feng and D.A. Gates and J. Geiger and D. Hartmann and H. Hölbe and M. Jakubowski and R. König and H.P. Laqua and S. Lazerson and M. Otte and M. Preynas and O. Schmitz and T. Stange and Y. Turkin and},
  title     = {Plans for the first plasma operation of Wendelstein 7-X},
  journal   = {Nuclear Fusion}
}

@article{Krychowiak2011,
  doi       = {10.1088/0741-3335/53/3/035019},
  url       = {https://doi.org/10.1088/0741-3335/53/3/035019},
  year      = {2011},
  publisher = {{IOP} Publishing},
  volume    = {53},
  number    = {3},
  pages     = {035019},
  author    = {Maciej Krychowiak and Mathias Brix and Dirk Dodt and Yühe Feng and Ralf König and Oliver Schmitz and Jakob Svensson and Robert Wolf},
  title     = {Bayesian modelling of a thermal helium beam for measurement of electron density and temperature in the W7-X divertor plasma},
  journal   = {Plasma Physics and Controlled Fusion}
}

@article{Brunner2018,
  doi       = {10.1088/1748-0221/13/09/p09002},
  url       = {https://doi.org/10.1088/1748-0221/13/09/p09002},
  year      = {2018},
  publisher = {{IOP} Publishing},
  volume    = {13},
  number    = {09},
  pages     = {P09002--P09002},
  author    = {K.J. Brunner and T. Akiyama and M. Hirsch and J. Knauer and P. Kornejew and B. Kursinski and H. Laqua and J. Meineke and H. Trimi{\~{n}}o Mora and R. C. Wolf},
  title     = {Real-time dispersion interferometry for density feedback in fusion devices},
  journal   = {Journal of Instrumentation}
}

@article{Bosch2018,
  author  = {H.S. {Bosch} and T. {Andreeva} and R. {Brakel} and T. {Bräuer} and D. {Hartmann} and A. {Holtz} and T. {Klinger} and H. {Laqua} and M. {Nagel} and D. {Naujoks} and K. {Risse} and A. {Spring} and T. S. {Pedersen} and T. {Rummel} and P. {van Eeten} and A. {Werner} and R. {Wolf}},
  journal = {IEEE Transactions on Plasma Science},
  title   = {Engineering Challenges in W7-X: Lessons Learned and Status for the Second Operation Phase},
  year    = {2018},
  volume  = {46},
  number  = {5},
  pages   = {1131-1140},
  doi     = {10.1109/TPS.2018.2818934}
}

@article{Effenberg2019_seed,
  doi       = {10.1088/1741-4326/ab32c4},
  url       = {https://doi.org/10.1088/1741-4326/ab32c4},
  year      = {2019},
  publisher = {{IOP} Publishing},
  volume    = {59},
  number    = {10},
  pages     = {106020},
  author    = {F. Effenberg and S. Brezinsek and Y. Feng and R. König and M. Krychowiak and M. Jakubowski and H. Niemann and V. Perseo and O. Schmitz and D. Zhang and T. Barbui and C. Biedermann and R. Burhenn and B. Buttenschön and G. Kocsis and A. Pavone and F. Reimold and T. Szepesi and H. Frerichs and Y. Gao and U. Hergenhahn and S. Kwak and M. Otte and T. Sunn Pedersen and},
  title     = {First demonstration of radiative power exhaust with impurity seeding in the island divertor at Wendelstein 7-X},
  journal   = {Nuclear Fusion}
}

@article{Guillemaut2017,
  doi       = {10.1088/1361-6587/aa5951},
  url       = {https://doi.org/10.1088/1361-6587/aa5951},
  year      = {2017},
  publisher = {{IOP} Publishing},
  volume    = {59},
  number    = {4},
  pages     = {045001},
  author    = {C Guillemaut and M Lennholm and J Harrison and I Carvalho and D Valcarcel and R Felton and S Griph and C Hogben and R Lucock and G F Matthews and C Perez Von Thun and R A Pitts and S Wiesen and},
  title     = {Real-time control of divertor detachment in H-mode with impurity seeding using Langmuir probe feedback in {JET}-{ITER}-like wall},
  journal   = {Plasma Physics and Controlled Fusion}
}

@inproceedings{Buttenschon2019,
  title     = {Reduction of intrinsic impurities by wall boronisation in Wendelstein 7-X as observed by VUV spectroscopy},
  author    = {Buttensch{\"o}n, B and Wegner, Th and Zhang, D and Kubkowska, M and Czarnecka, A and Burhenn, R and others},
  booktitle = {The 46th EPS Conf. on Plasma Physics (Milan, Italy,)},
  volume    = {2},
  pages     = {1048},
  year      = {2019}
}

@inproceedings{Krychowiak2021,
  author    = {Krychowiak, M. and König, R. and Jakubowski, M. and Grosser, K. and Barbui, T. and Brezinsek, S. and Brunner, J. and Effenberg, F. and Feng, Y. and Flom, E. and Gradic, D. and Hacker, P. and . Harris, J.H. and Hirsch, M. and Kornejew, P. and Otte, M. and . Pedersen, T.S. and Reimold, F. and Schmitz, O. and Schröder, T. and Winters, V. and Zhang, D. and W7-X team},
  title     = {Detachment stabilization by feedback-controlled gas injection in stellarator Wendelstein 7-X},
  booktitle = {PSI-24 (virtual) conference, 25.01.2021 (Jeju, Korea)},
  year      = {2021}
}

@article{Krychowiak2023,
  title   = {First feedback-controlled divertor detachment in W7-X: Experience from TDU operation and prospects for operation with actively cooled divertor},
  journal = {Nuclear Materials and Energy},
  volume  = {34},
  pages   = {101363},
  year    = {2023},
  issn    = {2352-1791},
  doi     = {https://doi.org/10.1016/j.nme.2023.101363},
  url     = {https://www.sciencedirect.com/science/article/pii/S2352179123000029},
  author  = {M. Krychowiak and R. König and T. Barbui and S. Brezinsek and J. Brunner and F. Effenberg and M. Endler and Y. Feng and E. Flom and Y. Gao and D. Gradic and P. Hacker and J.H. Harris and M. Hirsch and U. Höfel and M. Jakubowski and P. Kornejew and M. Otte and A. Pandey and T.S. Pedersen and A. Puig and F. Reimold and O. Schmitz and T. Schröder and V. Winters and D. Zhang}
}

@article{Effenberg2019_3d,
  title    = {Investigation of 3D effects on heat fluxes in performance-optimized island divertor configurations at Wendelstein 7-X},
  journal  = {Nuclear Materials and Energy},
  volume   = {18},
  pages    = {262-267},
  year     = {2019},
  issn     = {2352-1791},
  doi      = {https://doi.org/10.1016/j.nme.2019.01.006},
  url      = {https://www.sciencedirect.com/science/article/pii/S2352179118302394},
  author   = {F. Effenberg and H. Niemann and Y. Feng and J. Geiger and O. Schmitz and Y. Suzuki and A. Ali and T. Barbui and S. Brezinsek and H. Frerichs and M. Jakubowski and R. König and M. Krychowiak and A. {Puig Sitjes} and J.C. Schmitt and T. {Sunn Pedersen}},
  keywords = {Stellarator, Island divertor, Scrape-off layer, Heat fluxes, Equilibrium}
}

@article{Brakel1991,
  title  = {Impurity analysis in the W7-AS stellarator after wall conditioning by carbonization and boronisation},
  author = {Brakel, R and Burhenn, R and Elsner, A},
  year   = {1991}
}

@article{Winter1992,
  title   = {Surface treatment of the first wall in fusion devices (carbonization, boronisation and related surface chemistry)},
  journal = {Vacuum},
  volume  = {43},
  number  = {5},
  pages   = {413-417},
  year    = {1992},
  issn    = {0042-207X},
  doi     = {https://doi.org/10.1016/0042-207X(92)90046-Y},
  url     = {https://www.sciencedirect.com/science/article/pii/0042207X9290046Y},
  author  = {J Winter and HG Esser and V Philipps and T Rose and J {von Seggern} and E Vietzke and P Wienhold}
}

@article{Winter1989,
  title     = {Boronization in TEXTOR},
  author    = {Winter, J and Esser, HG and K{\"o}nen, L and Philipps, V and Reimer, H and Seggern, Jv and Schl{\"u}ter, J and Vietzke, E and Waelbroeck, F and Wienhold, P and others},
  journal   = {Journal of Nuclear Materials},
  volume    = {162},
  pages     = {713--723},
  year      = {1989},
  publisher = {Elsevier}
}

@article{Meshcheryakov2005,
  title     = {Effect of vacuum chamber boronisation on the plasma parameters in the L-2M stellarator},
  author    = {Meshcheryakov, AI and Akulina, DK and Batanov, GM and Berezhetskii, MS and Voronov, GS and Gladkov, GA and Grebenshchikov, SE and Grinchuk, VA and Grishina, IA and Kolik, LV and others},
  journal   = {Plasma physics reports},
  volume    = {31},
  number    = {6},
  pages     = {452--461},
  year      = {2005},
  publisher = {Springer}
}

@article{Bedoya2018,
  title     = {Effect of boronisation on plasma-facing graphite surfaces and its correlation with the plasma behavior in NSTX-U},
  author    = {Bedoya, F and Allain, JP and Scotti, F and LaBombard, B and Kaita, R and Krstic, PS},
  journal   = {Nuclear Materials and Energy},
  volume    = {17},
  pages     = {211--216},
  year      = {2018},
  publisher = {Elsevier}
}

@article{Waelbroeck1989,
  title     = {Influence of boronisation on the plasma performance in TEXTOR},
  author    = {Waelbroeck, F and Winter, J and Esser, G and Giesen, B and Konen, L and Philipps, V and Samm, U and Schluter, J and Weinhold, P and Banno, T and others},
  journal   = {Plasma physics and controlled fusion},
  volume    = {31},
  number    = {2},
  pages     = {185},
  year      = {1989},
  publisher = {IOP Publishing}
}

@article{Lipschultz2007,
  title     = {Influence of boronisation on operation with high-Z plasma facing components in Alcator C-Mod},
  author    = {Lipschultz, B and Lin, Y and Marmar, ES and Whyte, DG and Wukitch, S and Hutchinson, IH and Irby, J and LaBombard, B and Reinke, ML and Terry, JL and others},
  journal   = {Journal of nuclear materials},
  volume    = {363},
  pages     = {1110--1118},
  year      = {2007},
  publisher = {Elsevier}
}

@article{Geiger2014,
  doi       = {10.1088/0741-3335/57/1/014004},
  url       = {https://doi.org/10.1088/0741-3335/57/1/014004},
  year      = {2014},
  publisher = {{IOP} Publishing},
  volume    = {57},
  number    = {1},
  pages     = {014004},
  author    = {J Geiger and C D Beidler and Y Feng and H Maa{\ss}berg and N B Marushchenko and Y Turkin},
  title     = {Physics in the magnetic configuration space of W7-X},
  journal   = {Plasma Physics and Controlled Fusion}
}

@article{Geiger2015,
  doi       = {10.1088/0741-3335/57/1/014004},
  url       = {https://dx.doi.org/10.1088/0741-3335/57/1/014004},
  year      = {2014},
  month     = {11},
  publisher = {IOP Publishing},
  volume    = {57},
  number    = {1},
  pages     = {014004},
  author    = {Geiger, J and Beidler, C D and Feng, Y and Maaßberg, H and Marushchenko, N B and Turkin, Y},
  title     = {Physics in the magnetic configuration space of W7-X},
  journal   = {Plasma Physics and Controlled Fusion}
}


@article{Boozer2005,
  title     = {Physics of magnetically confined plasmas},
  author    = {Boozer, Allen H.},
  journal   = {Rev. Mod. Phys.},
  volume    = {76},
  issue     = {4},
  pages     = {1071--1141},
  numpages  = {0},
  year      = {2005},
  publisher = {American Physical Society},
  doi       = {10.1103/RevModPhys.76.1071},
  url       = {https://link.aps.org/doi/10.1103/RevModPhys.76.1071}
}

@article{Mayer2020,
  doi       = {10.1088/1402-4896/ab4b8c},
  url       = {https://doi.org/10.1088/1402-4896/ab4b8c},
  year      = {2020},
  publisher = {{IOP} Publishing},
  volume    = {T171},
  pages     = {014035},
  author    = {M Mayer and M Balden and S Brezinsek and V V Burwitz and C P Dhard and A Dudek and G Ehrke and Y Gao and H Greuner and R Guimar{\~{a}}es and P Hiret and S Klose and R König and M Krause and R Laube and M Laux and D Naujoks and R Neu and J Oelmann and C Ruset and T S Silva and R Yi and D Zhao and},
  title     = {Material erosion and deposition on the divertor of W7-X},
  journal   = {Physica Scripta}
}

@inproceedings{Reimold2021,
  author    = {Reimold, F. and Alonso, A. and Buttenschön, B. and Garcia-Regana, J. and Langenberg, A. and Tamura, N. and Vano, L. and Wegner, T. and Winters, V. and Zhang, D. and Impurities \& Radiation Physics, Topic Group and the W7-X Team},
  title     = {From dilution to power exhaust \& radiation collapse: Impurity transport and radiation physics in W7-X},
  booktitle = {Max Planck Society: Institute for Plasma Physics Colloqium, 26.02.2021; Greifswald, Germany},
  year      = {2021}
}

@article{Barbui2016,
  author  = {Barbui,T. and Krychowiak,M. and König,R. and Schmitz,O. and Muñoz Burgos,J. M. and Schweer,B. and Terra,A.},
  title   = {Feasibility of line-ratio spectroscopy on helium and neon as edge diagnostic tool for Wendelstein 7-X},
  journal = {Review of Scientific Instruments},
  volume  = {87},
  number  = {11},
  pages   = {11E554},
  year    = {2016},
  doi     = {10.1063/1.4962989},
  url     = {https://aip.scitation.org/doi/abs/10.1063/1.4962989},
  eprint  = {https://aip.scitation.org/doi/pdf/10.1063/1.4962989}
}

@article{Schmitz2008,
  doi       = {10.1088/0741-3335/50/11/115004},
  url       = {https://doi.org/10.1088/0741-3335/50/11/115004},
  year      = {2008},
  publisher = {{IOP} Publishing},
  volume    = {50},
  number    = {11},
  pages     = {115004},
  author    = {O Schmitz and I L Beigman and L A Vainshtein and B Schweer and M Kantor and A Pospieszczyk and Y Xu and M Krychowiak and M Lehnen and U Samm and B Unterberg and},
  title     = {Status of electron temperature and density measurement with beam emission spectroscopy on thermal helium at {TEXTOR}},
  journal   = {Plasma Physics and Controlled Fusion}
}

@article{Kajita2006,
  author  = {Kajita,Shin  and Ohno,Noriyasu  and Takamura,Shuichi  and Nakano,Tomohide },
  title   = {Comparison of He I line intensity ratio method and electrostatic probe for electron density and temperature measurements in NAGDIS-II},
  journal = {Physics of Plasmas},
  volume  = {13},
  number  = {1},
  pages   = {013301},
  year    = {2006},
  doi     = {10.1063/1.2164461},
  url     = {https://doi.org/10.1063/1.2164461},
  eprint  = {https://doi.org/10.1063/1.2164461}
}

@article{Denkelmann1999,
  doi       = {10.1088/0953-4075/32/19/305},
  url       = {https://doi.org/10.1088/0953-4075/32/19/305},
  year      = {1999},
  publisher = {{IOP} Publishing},
  volume    = {32},
  number    = {19},
  pages     = {4635--4646},
  author    = {R Denkelmann and S Maurmann and T Lokajczyk and P Drepper and H-J Kunze},
  title     = {Measurement of rate coefficients for electron-atom collisions in a helium plasma by laser-induced fluorescence},
  journal   = {Journal of Physics B: Atomic, Molecular and Optical Physics}
}

@article{Krychowiak2008,
  doi       = {10.1088/0741-3335/50/6/065015},
  url       = {https://doi.org/10.1088/0741-3335/50/6/065015},
  year      = {2008},
  publisher = {{IOP} Publishing},
  volume    = {50},
  number    = {6},
  pages     = {065015},
  author    = {M Krychowiak and Ph Mertens and R König and B Schweer and S Brezinsek and O Schmitz and M Brix and U Samm and T Klinger},
  title     = {{LIF} measurements on an atomic helium beam in the edge of a fusion plasma},
  journal   = {Plasma Physics and Controlled Fusion}
}

@article{Mlynek2010,
  author  = {Mlynek,A. and Schramm,G. and Eixenberger,H. and Sips,G. and McCormick,K. and Zilker,M. and Behler,K. and Eheberg,J.},
  title   = {Design of a digital multiradian phase detector and its application in fusion plasma interferometry},
  journal = {Review of Scientific Instruments},
  volume  = {81},
  number  = {3},
  pages   = {033507},
  year    = {2010},
  doi     = {10.1063/1.3340944},
  url     = {https://doi.org/10.1063/1.3340944},
  eprint  = {https://doi.org/10.1063/1.3340944}
}

@article{Boboc2012,
  author  = {Boboc,A.  and Gil,C.  and Pastor,P.  and Spuig,P.  and Edlington,T.  and Dorling,S. },
  title   = {Upgrade of the JET far infrared interferometer diagnostic},
  journal = {Review of Scientific Instruments},
  volume  = {83},
  number  = {10},
  pages   = {10E341},
  year    = {2012},
  doi     = {10.1063/1.4737420},
  url     = {https://doi.org/10.1063/1.4737420},
  eprint  = {https://doi.org/10.1063/1.4737420}
}

@inproceedings{Knauer2016,
  title     = {A new dispersion interferometer for the stellarator Wendelstein 7-X},
  author    = {Knauer, J and Kornejew, P and Mora, H Trimino and Hirsch, M and Werner, A and Wolf, R and others},
  booktitle = {Proc. 43rd EPS Conf.(Leuven, Belgium, 4--8 July 2016) P},
  volume    = {4},
  year      = {2016}
}

@article{Wurden2016,
  author  = {Wurden,G. A.  and Stephey,L. A.  and Biedermann,C.  and Jakubowski,M. W.  and Dunn,J. P.  and Gamradt,M. },
  title   = {A high resolution IR/visible imaging system for the W7-X limiter},
  journal = {Review of Scientific Instruments},
  volume  = {87},
  number  = {11},
  pages   = {11D607},
  year    = {2016},
  doi     = {10.1063/1.4960596},
  url     = {https://aip.scitation.org/doi/abs/10.1063/1.4960596},
  eprint  = {https://aip.scitation.org/doi/pdf/10.1063/1.4960596}
}

@article{Stephey2016,
  author  = {Stephey,L.  and Wurden,G. A.  and Schmitz,O.  and Frerichs,H.  and Effenberg,F.  and Biedermann,C.  and Harris,J.  and König,R.  and Kornejew,P.  and Krychowiak,M.  and Unterberg,E. A. },
  title   = {Spectroscopic imaging of limiter heat and particle fluxes and the resulting impurity sources during Wendelstein 7-X startup plasmas},
  journal = {Review of Scientific Instruments},
  volume  = {87},
  number  = {11},
  pages   = {11D606},
  year    = {2016},
  doi     = {10.1063/1.4959274},
  url     = {https://aip.scitation.org/doi/abs/10.1063/1.4959274},
  eprint  = {https://aip.scitation.org/doi/pdf/10.1063/1.4959274}
}

@article{Colchin2003,
  author  = {Colchin,R. J.  and Hillis,D. L.  and Maingi,R.  and Klepper,C. C.  and Brooks,N. H. },
  title   = {The Filterscope},
  journal = {Review of Scientific Instruments},
  volume  = {74},
  number  = {3},
  pages   = {2068-2070},
  year    = {2003},
  doi     = {10.1063/1.1537038},
  url     = {https://doi.org/10.1063/1.1537038},
  eprint  = {https://doi.org/10.1063/1.1537038}
}

@article{Brooks2008,
  author  = {Brooks,N. H.  and Colchin,R. J.  and Fehling,D. T.  and Hillis,D. L.  and Mu,Y.  and Unterberg,E. },
  title   = {Filterscopes: Spectral line monitors for long-pulse plasma devices},
  journal = {Review of Scientific Instruments},
  volume  = {79},
  number  = {10},
  pages   = {10F330},
  year    = {2008},
  doi     = {10.1063/1.2957777},
  url     = {https://doi.org/10.1063/1.2957777},
  eprint  = {https://doi.org/10.1063/1.2957777}
}

@article{Marushchenko2006,
  author    = {N. B. Marushchenko and A. Dinklage and H. J. Hartfuss and M. Hirsch and H. Maassberg and Yu. Turkin},
  title     = {Optimization of ECE Diagnostics for the W7-X Stellarator},
  journal   = {Fusion Science and Technology},
  volume    = {50},
  number    = {3},
  pages     = {395-402},
  year      = {2006},
  publisher = {Taylor & Francis},
  doi       = {10.13182/FST06-A1261},
  url       = {https://doi.org/10.13182/FST06-A1261},
  eprint    = {https://doi.org/10.13182/FST06-A1261}
}

@article{Hirsch2019,
  author  = {{Hirsch, Matthias} and {H\"ofel, Udo} and {Oosterbeek, Johan Willem} and {Chaudhary, Neha} and {Geiger, Joachim} and {Hartfuss, Hans-J\"urgen} and {Kasparek, Walter} and {Marushchenko, Nikolai} and {van Milligen, Boudewijn} and {Plaum, Burkhard} and {Stange, Torsten} and {Svensson, Jakob} and {Tsuchiya, Hayato} and {Wagner, Dietmar} and {McWeir, Gavin} and {Wolf, Robert} and {W7-X Team}},
  title   = {ECE Diagnostic for the initial Operation of Wendelstein 7-X},
  doi     = {10.1051/epjconf/201920303007},
  url     = {https://doi.org/10.1051/epjconf/201920303007},
  journal = {EPJ Web Conf.},
  year    = {2019},
  volume  = {203},
  pages   = {03007}
}

@misc{WikiFokkerPlanck,
  author       = {Wikipedia contributors},
  title        = {Fokker-Planck equation},
  howpublished = {\url{https://en.wikipedia.org/wiki/Fokker\%E2\%80\%93Planck_equation\#Plasma_physics}},
  year         = {Accessed: 2024-03-01}
}

@misc{WikiVlasov,
  author       = {Wikipedia contributors},
  title        = {Vlasov equation},
  howpublished = {\url{https://en.wikipedia.org/wiki/Vlasov_equation}},
  year         = {Accessed: 2024-03-01}
}

@misc{WikiPID,
  author       = {Arturo Urquizo},
  title        = {PID controller},
  howpublished = {\url{https://commons.wikimedia.org/wiki/File:PID.svg}},
  year         = {Accessed: 2021-03-24}
}

@misc{WikiRungeKutta,
  author       = {Wikipedia contributors},
  title        = {Runge-Kutta methods},
  howpublished = {\url{https://en.wikipedia.org/wiki/Runge\%E2\%80\%93Kutta_methods}},
  year         = {Accessed: 2022-04-23}
}

@misc{WikiCoherence,
  author       = {Wikipedia contributors},
  title        = {Coherence (signal processing)},
  howpublished = {\url{https://en.wikipedia.org/wiki/Coherence_(signal_processing)}},
  year         = {Accessed: 2022-08-08}
}

@misc{WikiBremsstrahl,
  author       = {Wikipedia contributors},
  title        = {Bremsstrahlung},
  howpublished = {\url{https://en.wikipedia.org/wiki/Bremsstrahlung}},
  year         = {Accessed: 2024-03-02}
}

@misc{WikiCrankNicholson,
  author       = {Wikipedia contributors},
  title        = {Crank–Nicolson method},
  howpublished = {\url{https://de.wikipedia.org/wiki/Crank-Nicolson-Verfahren}},
  year         = {Accessed: 2024-03-01}
}

@misc{WikiSynchrotron,
  author       = {Wikipedia contributors},
  title        = {Synchrotron radiation},
  howpublished = {\url{https://en.wikipedia.org/wiki/Synchrotron_radiation}},
  year         = {Accessed: 2024-03-01}
}

@book{Horowitz1989,
  author    = {Paul Horowitz and Winfield Hill},
  title     = {The art of electronics},
  publisher = {Cambridge University Press},
  year      = {1989}
}

@article{Weissman1988,
  title     = {1/f noise and other slow, nonexponential kinetics in condensed matter},
  author    = {Weissman, M. B.},
  journal   = {Rev. Mod. Phys.},
  volume    = {60},
  issue     = {2},
  pages     = {537--571},
  numpages  = {0},
  year      = {1988},
  publisher = {American Physical Society},
  doi       = {10.1103/RevModPhys.60.537},
  url       = {https://link.aps.org/doi/10.1103/RevModPhys.60.537}
}

@article{Casal2017,
  title    = {Functional materials for ITER diagnostic systems – Radiation aspects},
  journal  = {Fusion Engineering and Design},
  volume   = {125},
  pages    = {277-282},
  year     = {2017},
  issn     = {0920-3796},
  doi      = {https://doi.org/10.1016/j.fusengdes.2017.08.017},
  url      = {https://www.sciencedirect.com/science/article/pii/S0920379617307949},
  author   = {Natalia Casal and Philip Andrew and Robin Barnsley and Michele Bassan and José Luis Barbero and Luciano Bertalot and Maarten {De Bock} and Benoit Brichard and Thibaud Giacomin and Rafael Juarez and Martin Kocan and Frederic {Le Guern} and Michael Loughlin and Yunxing Ma and Felix Mackel and Hans Meister and Philippe Maquet and Vincent Martin and Roger Reichle and Fabien Seyvet and Antoine Sirinelli and Pavel Shigin and Victor Udintsev and George Vayakis and Christian Vorpahl and Cristopher Watts and Michael Walsh},
  keywords = {ITER, Functional materials, Radiation effects, Diagnostics}
}

@article{Meister2013,
  author  = {Meister,H.  and Willmeroth,M.  and Zhang,D.  and Gottwald,A.  and Krumrey,M.  and Scholze,F. },
  title   = {Broad-band efficiency calibration of ITER bolometer prototypes using Pt absorbers on SiN membranes},
  journal = {Review of Scientific Instruments},
  volume  = {84},
  number  = {12},
  pages   = {123501},
  year    = {2013},
  doi     = {10.1063/1.4834755},
  url     = {https://doi.org/10.1063/1.4834755}
}

@article{Meister2016,
  title    = {An alternative geometry for bolometer sensors for use at high operating temperatures},
  journal  = {Fusion Engineering and Design},
  volume   = {112},
  pages    = {579-586},
  year     = {2016},
  issn     = {0920-3796},
  doi      = {https://doi.org/10.1016/j.fusengdes.2016.04.045},
  url      = {https://www.sciencedirect.com/science/article/pii/S092037961630357X},
  author   = {H. Meister and H. Langer and S. Schmitt},
  keywords = {Bolometer, ITER, Finite element analysis, Sensor design}
}

@article{Meister2012,
  author  = {Meister,H.  and Kannamüller,M.  and Koll,J.  and Pathak,A.  and Penzel,F.  and Trautmann,T.  and Detemple,P.  and Schmitt,S.  and Langer,H. },
  title   = {Reliability issues for a bolometer detector for ITER at high operating temperatures},
  journal = {Review of Scientific Instruments},
  volume  = {83},
  number  = {10},
  pages   = {10D724},
  year    = {2012},
  doi     = {10.1063/1.4740256},
  url     = {https://doi.org/10.1063/1.4740256}
}

@article{Post1977,
  title   = {Steady-state radiative cooling rates for low-density, high-temperature plasmas},
  journal = {Atomic Data and Nuclear Data Tables},
  volume  = {20},
  number  = {5},
  pages   = {397-439},
  year    = {1977},
  issn    = {0092-640X},
  doi     = {https://doi.org/10.1016/0092-640X(77)90026-2},
  url     = {https://www.sciencedirect.com/science/article/pii/0092640X77900262},
  author  = {D.E. Post and R.V. Jensen and C.B. Tarter and W.H. Grasberger and W.A. Lokke}
}

@article{Wang2020,
  doi       = {10.1088/1402-4896/ab4c04},
  url       = {https://doi.org/10.1088/1402-4896/ab4c04},
  year      = {2020},
  publisher = {{IOP} Publishing},
  volume    = {T171},
  pages     = {014040},
  author    = {E Wang and S Brezinsek and S Sereda and B Buttenschön and T Barbui and C P Dhard and M Endler and O Ford and E Flom and K C Hammond and M Jakubowski and M Krychowiak and P Kornejew and R König and Y Liang and M Mayer and D Naujoks and O Neubauer and J Oelmann and M Rasinski and V R Winters and A Goriaev and T Wauters and Y Wei and D Zhang and},
  title     = {Impurity sources and fluxes in W7-X: from the plasma-facing components to the edge layer},
  journal   = {Physica Scripta}
}

@article{Giannone1997,
  author  = {Giannone,L.  and Elsner,A.  and Heinrich,O.  and Hirsch,M. },
  title   = {Tomography by the maximum entropy method for the W7-AS and W7-X multichannel bolometer systems},
  journal = {Review of Scientific Instruments},
  volume  = {68},
  number  = {1},
  pages   = {762-765},
  year    = {1997},
  doi     = {10.1063/1.1147912},
  url     = {https://doi.org/10.1063/1.1147912}
}

@article{Penzel2017,
  title    = {Calibration parameter drift compensation of metal resistive bolometers operating in a thermal varying environment},
  journal  = {Fusion Engineering and Design},
  volume   = {121},
  pages    = {100-104},
  year     = {2017},
  issn     = {0920-3796},
  doi      = {https://doi.org/10.1016/j.fusengdes.2017.05.094},
  url      = {https://www.sciencedirect.com/science/article/pii/S0920379617306439},
  author   = {F. Penzel and H. Meister and L. Giannone and D. Zhang},
  keywords = {ITER, Bolometer, Calibration parameter drift compensation, Thermal offset error compensation, IBOVAC}
}

@phdthesis{Lovell2017,
  author = {Lovell, Jack},
  title  = {Development of Smart, Compact Fusion Diagnostics using Field-Programmable Gate Arrays},
  school = {Centre for Advanced Instrumentation Department of Physics, Durham University},
  year   = {2017}
}

@article{Henke1993,
  title   = {X-Ray Interactions: Photoabsorption, Scattering, Transmission, and Reflection at E = 50-30,000 eV, Z = 1-92},
  journal = {Atomic Data and Nuclear Data Tables},
  volume  = {54},
  number  = {2},
  pages   = {181-342},
  year    = {1993},
  issn    = {0092-640X},
  doi     = {https://doi.org/10.1006/adnd.1993.1013},
  url     = {https://www.sciencedirect.com/science/article/pii/S0092640X83710132},
  author  = {B.L. Henke and E.M. Gullikson and J.C. Davis}
}

@article{Lang1996,
  doi       = {10.1088/0150-536x/27/1/004},
  url       = {https://doi.org/10.1088/0150-536x/27/1/004},
  year      = {1996},
  publisher = {{IOP} Publishing},
  volume    = {27},
  number    = {1},
  pages     = {25--29},
  author    = {P T Lang and K F Mast},
  title     = {Photoresponse of a miniaturized ultrabroad-band low-noise metal-film bolometer detector array},
  journal   = {Journal of Optics}
}

@book{Palik1997,
  author    = {Pali, E. D.},
  title     = {Handbook of Optical Constants of Solids},
  publisher = {Academic Press},
  year      = {1997}
}

@article{Hathiramani2013,
  title    = {Microwave stray radiation: Measures for steady state diagnostics at Wendelstein 7-X},
  journal  = {Fusion Engineering and Design},
  volume   = {88},
  number   = {6},
  pages    = {1232-1235},
  year     = {2013},
  note     = {Proceedings of the 27th Symposium On Fusion Technology (SOFT-27); Liège, Belgium, September 24-28, 2012},
  issn     = {0920-3796},
  doi      = {https://doi.org/10.1016/j.fusengdes.2013.01.003},
  url      = {https://www.sciencedirect.com/science/article/pii/S0920379613000045},
  author   = {Dag Hathiramani and Roland Binder and Rudolf Brakel and Torsten Broszat and Bertram Brucker and Antonino Cardella and Michael Endler and Klaus Grosser and Matthias Hirsch and Heinrich Laqua and Stefan Thiel},
  keywords = {ECRH, Stray radiation, Wendelstein 7-X, Plasma diagnostics}
}

@article{Kabanikhin2008,
  author  = {Kabanikhin, Sergey},
  year    = {2008},
  pages   = {317-357},
  title   = {Definitions and Examples of Inverse and Ill-Posed Problems},
  volume  = {16},
  journal = {Journal of Inverse and Ill-Posed Problems},
  doi     = {10.1515/JIIP.2008.019}
}

@article{Zhang2021_2,
  doi       = {10.1088/1741-4326/ac2778},
  url       = {https://dx.doi.org/10.1088/1741-4326/ac2778},
  year      = {2021},
  publisher = {IOP Publishing},
  volume    = {61},
  number    = {11},
  pages     = {116043},
  author    = {D. Zhang and R. Burhenn and C.D. Beidler and Y. Feng and H. Thomsen and C. Brandt and S. Buller and F. Reimold and P. Hacker and R. Laube and J. Geiger and J.M.García Regaña and H.M. Smith and R. König and L. Giannone and F. Penzel and T. Klinger and J. Baldzuhn and S. Bozhenkov and T. Bräuer and J.K. Brunner and B. Buttenschön and H. Damm and M. Endler and F. Effenberg and G. Fuchert and Y. Gao and M. Jakubowski and J. Knauer and T. Kremeyer and M. Krychowiak and S. Kwak and H.P. Laqua and A. Langenberg and M. Otte and N. Pablant and E. Pasch and K. Rahbarnia and A. Pavone and L. Rudischhauser and J. Svensson and C. Killer and T. Windisch and the W7-X Team},
  title     = {Bolometer tomography on Wendelstein 7-X for study of radiation asymmetry},
  journal   = {Nuclear Fusion}
}

@inproceedings{Fuchs1994,
  author       = {Fuchs J.},
  title        = {Two-dimensional reconstruction of the radiation power density in ASDEX Upgrade},
  year         = {1994},
  booktitle    = {21st EPS Conference Controlled Fusion and Plasma Physics (27 June – 1 July, 1994, Montpellier, France)},
  organization = {European Physical Society}
}

@article{Fisher1922,
  author  = {Fisher, R. A.  and Russell, Edward John },
  title   = {On the mathematical foundations of theoretical statistics},
  journal = {Philosophical Transactions of the Royal Society of London. Series A, Containing Papers of a Mathematical or Physical Character},
  volume  = {222},
  number  = {594-604},
  pages   = {309-368},
  year    = {1922},
  doi     = {10.1098/rsta.1922.0009},
  url     = {https://royalsocietypublishing.org/doi/abs/10.1098/rsta.1922.0009},
  eprint  = {https://royalsocietypublishing.org/doi/pdf/10.1098/rsta.1922.0009}
}

@article{Frieden1988,
  author    = { B.R.   Frieden },
  title     = {Applications to Optics and Wave Mechanics of the Criterion of Maximum Cramer-Rao Bound},
  journal   = {Journal of Modern Optics},
  volume    = {35},
  number    = {8},
  pages     = {1297-1316},
  year      = {1988},
  publisher = {Taylor & Francis},
  doi       = {10.1080/09500348814551451},
  url       = {https://doi.org/10.1080/09500348814551451},
  eprint    = {https://doi.org/10.1080/09500348814551451}
}

@book{Frieden2012,
  title     = {Probability, Statistical Optics, and Data Testing: A Problem Solving Approach},
  author    = {Frieden, B.R.},
  isbn      = {9783642967320},
  series    = {Springer Series in Information Sciences},
  url       = {https://books.google.de/books?id=gdf6CAAAQBAJ},
  year      = {2012},
  publisher = {Springer Berlin Heidelberg}
}

@article{Anton1996,
  doi       = {10.1088/0741-3335/38/11/001},
  url       = {https://dx.doi.org/10.1088/0741-3335/38/11/001},
  year      = {1996},
  publisher = {},
  volume    = {38},
  number    = {11},
  pages     = {1849},
  author    = {M Anton and  H Weisen and  M J Dutch and  W von der Linden and  F Buhlmann and  R Chavan and  B Marletaz and  P Marmillod and  P Paris},
  title     = {X-ray tomography on the TCV tokamak},
  journal   = {Plasma Physics and Controlled Fusion}
}

@article{Parker1977,
  author  = {Parker, R L},
  title   = {Understanding Inverse Theory},
  journal = {Annual Review of Earth and Planetary Sciences},
  volume  = {5},
  number  = {1},
  pages   = {35-64},
  year    = {1977},
  doi     = {10.1146/annurev.ea.05.050177.000343},
  url     = {https://doi.org/10.1146/annurev.ea.05.050177.000343},
  eprint  = {https://doi.org/10.1146/annurev.ea.05.050177.000343}
}

@article{Peng1993,
  doi       = {10.1088/0266-5611/9/2/012},
  url       = {https://dx.doi.org/10.1088/0266-5611/9/2/012},
  year      = {1993},
  publisher = {},
  volume    = {9},
  number    = {2},
  pages     = {339},
  author    = {C Peng and  W Rodi and  M N Toksoz},
  title     = {Smoothest-model reconstruction from projections},
  journal   = {Inverse Problems}
}

@article{Saito1982,
  author   = {Saito, Masao and Hayashi, Takehisa},
  title    = {An approach to inverse scattering problems},
  journal  = {Bioelectromagnetics},
  volume   = {3},
  number   = {1},
  pages    = {73-80},
  keywords = {Born approximation, Eikonal approximation, hyperthermia, inverse problem, scattering, imaging},
  doi      = {https://doi.org/10.1002/bem.2250030111},
  url      = {https://onlinelibrary.wiley.com/doi/abs/10.1002/bem.2250030111},
  eprint   = {https://onlinelibrary.wiley.com/doi/pdf/10.1002/bem.2250030111},
  year     = {1982}
}

@inproceedings{Steriti1992,
  author       = {Ronald J. Steriti and Michael A. Fiddy},
  title        = {{Regularized image reconstruction using neural networks}},
  volume       = {1767},
  booktitle    = {Inverse Problems in Scattering and Imaging},
  editor       = {Michael A. Fiddy},
  organization = {International Society for Optics and Photonics},
  publisher    = {SPIE},
  pages        = {112 -- 119},
  year         = {1992},
  doi          = {10.1117/12.139010},
  url          = {https://doi.org/10.1117/12.139010}
}

@article{Neuner2021,
  doi       = {10.1088/1741-4326/abd61a},
  url       = {https://doi.org/10.1088/1741-4326/abd61a},
  year      = {2021},
  publisher = {{IOP} Publishing},
  volume    = {61},
  number    = {3},
  pages     = {036024},
  author    = {U. Neuner and K. Rahbarnia and C.D. Beidler and A. Dinklage and Y. Turkin and T. Stange and T. Andreeva and J. Schilling and H. Thomsen and M. Beurskens and S. Bozhenkov and K.J. Brunner and H. Damm and G. Fuchert and J. Geiger and U. Hergenhahn and U. Höfel and J. Knauer and M. Krychowiak and S. Kwak and A. Langenberg and N. Pablant and E. Pasch and A. Pavone and E.R. Scott and J. Svensson and H.Trimino Mora and  and the Wendelstein 7-X team},
  title     = {Measurements of the parameter dependencies of the bootstrap current in the W7-X stellarator},
  journal   = {Nuclear Fusion}
}

@article{Erckmann2007,
  author    = {V. Erckmann and P. Brand and H. Braune and G. Dammertz and G. Gantenbein and W. Kasparek and H. P. Laqua and H. Maassberg and N. B. Marushchenko and G. Michel and M. Thumm and Y. Turkin and M. Weissgerber and A. Weller and W7-X ECRH Team at IPP Greifswald and W7-X ECRH Team at FZK Karlsruhe and W7-X ECRH Team at IPF Stuttgart},
  title     = {Electron Cyclotron Heating for W7-X: Physics and Technology},
  journal   = {Fusion Science and Technology},
  volume    = {52},
  number    = {2},
  pages     = {291-312},
  year      = {2007},
  publisher = {Taylor & Francis},
  doi       = {10.13182/FST07-A1508},
  url       = {https://doi.org/10.13182/FST07-A1508},
  eprint    = {https://doi.org/10.13182/FST07-A1508}
}

@misc{ScipyFindPeaks,
  title        = {Python SciPy signal find{\_}peaks routine},
  howpublished = {\url{https://docs.scipy.org/doc/scipy-1.8.0/html-scipyorg/reference/generated/scipy.signal.find_peaks.html}},
  year         = {Accessed: 2022-02-09}
}

@misc{NumPyFFT,
  title        = {Python NumPy FFT routine},
  howpublished = {\url{https://numpy.org/doc/stable/reference/routines.fft.html}},
  year         = {Accessed: 2022-08-06}
}

@article{Cooley1965,
  title   = {An algorithm for the machine calculation of complex Fourier series},
  author  = {James W. Cooley and John W. Tukey},
  journal = {Mathematics of Computation},
  year    = {1965},
  volume  = {19},
  pages   = {297-301}
}

@misc{NumPyFFTFreq,
  title        = {Python NumPy FFT frequency bin routine},
  howpublished = {\url{https://numpy.org/doc/stable/reference/generated/numpy.fft.fftfreq.html}},
  year         = {Accessed: 2022-08-06}
}

@article{Klinger2016,
  doi       = {10.1088/0741-3335/59/1/014018},
  url       = {https://doi.org/10.1088/0741-3335/59/1/014018},
  year      = 2016,
  publisher = {{IOP} Publishing},
  volume    = {59},
  number    = {1},
  pages     = {014018},
  author    = {T Klinger and A Alonso and S Bozhenkov and R Burhenn and A Dinklage and G Fuchert and J Geiger and O Grulke and A Langenberg and M Hirsch and G Kocsis and J Knauer and A Krämer-Flecken and H Laqua and S Lazerson and M Landreman and H Maa{\ss}berg and S Marsen and M Otte and N Pablant and E Pasch and K Rahbarnia and T Stange and T Szepesi and H Thomsen and P Traverso and J L Velasco and T Wauters and G Weir and T Windisch and},
  title     = {Performance and properties of the first plasmas of Wendelstein 7-X},
  journal   = {Plasma Physics and Controlled Fusion}
}

@article{Klinger2019,
  doi       = {10.1088/1741-4326/ab03a7},
  url       = {https://dx.doi.org/10.1088/1741-4326/ab03a7},
  year      = {2019},
  publisher = {IOP Publishing},
  volume    = {59},
  number    = {11},
  pages     = {112004},
  author    = {T. Klinger and T. Andreeva and S. Bozhenkov and C. Brandt and R. Burhenn and B. Buttenschön and G. Fuchert and B. Geiger and O. Grulke and H.P. Laqua and N. Pablant and K. Rahbarnia and T. Stange and A. von Stechow and N. Tamura and H. Thomsen and Y. Turkin and T. Wegner and I. Abramovic and S. Äkäslompolo and J. Alcuson and P. Aleynikov and K. Aleynikova and A. Ali and A. Alonso and G. Anda and E. Ascasibar and J.P. Bähner and S.G. Baek and M. Balden and J. Baldzuhn and M. Banduch and T. Barbui and W. Behr and C. Beidler and A. Benndorf and C. Biedermann and W. Biel and B. Blackwell and E. Blanco and M. Blatzheim and S. Ballinger and T. Bluhm and D. Böckenhoff and B. Böswirth and L.-G. Böttger and M. Borchardt and V. Borsuk and J. Boscary and H.-S. Bosch and M. Beurskens and R. Brakel and H. Brand and T. Bräuer and H. Braune and S. Brezinsek and K.-J. Brunner and R. Bussiahn and V. Bykov and J. Cai and I. Calvo and B. Cannas and A. Cappa and A. Carls and D. Carralero and L. Carraro and B. Carvalho and F. Castejon and A. Charl and N. Chaudhary and D. Chauvin and F. Chernyshev and M. Cianciosa and R. Citarella and G. Claps and J. Coenen and M. Cole and M.J. Cole and F. Cordella and G. Cseh and A. Czarnecka and K. Czerski and M. Czerwinski and G. Czymek and A. da Molin and A. da Silva and H. Damm and A. de la Pena and S. Degenkolbe and C.P. Dhard and M. Dibon and A. Dinklage and T. Dittmar and M. Drevlak and P. Drewelow and P. Drews and F. Durodie and E. Edlund and P. van Eeten and F. Effenberg and G. Ehrke and S. Elgeti and M. Endler and D. Ennis and H. Esteban and T. Estrada and J. Fellinger and Y. Feng and E. Flom and H. Fernandes and W.H. Fietz and W. Figacz and J. Fontdecaba and O. Ford and T. Fornal and H. Frerichs and A. Freund and T. Funaba and A. Galkowski and G. Gantenbein and Y. Gao and J. García Regaña and D. Gates and J. Geiger and V. Giannella and A. Gogoleva and B. Goncalves and A. Goriaev and D. Gradic and M. Grahl and J. Green and H. Greuner and A. Grosman and H. Grote and M. Gruca and C. Guerard and P. Hacker and X. Han and J.H. Harris and D. Hartmann and D. Hathiramani and B. Hein and B. Heinemann and P. Helander and S. Henneberg and M. Henkel and J. Hernandez Sanchez and C. Hidalgo and M. Hirsch and K.P. Hollfeld and U. Höfel and A. Hölting and D. Höschen and M. Houry and J. Howard and X. Huang and Z. Huang and M. Hubeny and M. Huber and H. Hunger and K. Ida and T. Ilkei and S. Illy and B. Israeli and S. Jablonski and M. Jakubowski and J. Jelonnek and H. Jenzsch and T. Jesche and M. Jia and P. Junghanns and J. Kacmarczyk and J.-P. Kallmeyer and U. Kamionka and H. Kasahara and W. Kasparek and Y.O. Kazakov and N. Kenmochi and C. Killer and A. Kirschner and R. Kleiber and J. Knauer and M. Knaup and A. Knieps and T. Kobarg and G. Kocsis and F. Köchl and Y. Kolesnichenko and A. Könies and R. König and P. Kornejew and J.-P. Koschinsky and F. Köster and M. Krämer and R. Krampitz and A. Krämer-Flecken and N. Krawczyk and T. Kremeyer and J. Krom and M. Krychowiak and I. Ksiazek and M. Kubkowska and G. Kühner and T. Kurki-Suonio and P.A. Kurz and S. Kwak and M. Landreman and P. Lang and R. Lang and A. Langenberg and S. Langish and H. Laqua and R. Laube and S. Lazerson and C. Lechte and M. Lennartz and W. Leonhardt and C. Li and C. Li and Y. Li and Y. Liang and C. Linsmeier and S. Liu and J.-F. Lobsien and D. Loesser and J. Loizu Cisquella and J. Lore and A. Lorenz and M. Losert and A. Lücke and A. Lumsdaine and V. Lutsenko and H. Maaßberg and O. Marchuk and J.H. Matthew and S. Marsen and M. Marushchenko and S. Masuzaki and D. Maurer and M. Mayer and K. McCarthy and P. McNeely and A. Meier and D. Mellein and B. Mendelevitch and P. Mertens and D. Mikkelsen and A. Mishchenko and B. Missal and J. Mittelstaedt and T. Mizuuchi and A. Mollen and V. Moncada and T. Mönnich and T. Morisaki and D. Moseev and S. Murakami and G. Náfrádi and M. Nagel and D. Naujoks and H. Neilson and R. Neu and O. Neubauer and U. Neuner and T. Ngo and D. Nicolai and S.K. Nielsen and H. Niemann and T. Nishizawa and R. Nocentini and C. Nührenberg and J. Nührenberg and S. Obermayer and G. Offermanns and K. Ogawa and J. Ölmanns and J. Ongena and J.W. Oosterbeek and G. Orozco and M. Otte and L. Pacios Rodriguez and N. Panadero and N. Panadero Alvarez and D. Papenfuß and S. Paqay and E. Pasch and A. Pavone and E. Pawelec and T.S. Pedersen and G. Pelka and V. Perseo and B. Peterson and D. Pilopp and S. Pingel and F. Pisano and B. Plaum and G. Plunk and P. Pölöskei and M. Porkolab and J. Proll and M.-E. Puiatti and A. Puig Sitjes and F. Purps and M. Rack and S. Récsei and A. Reiman and F. Reimold and D. Reiter and F. Remppel and S. Renard and R. Riedl and J. Riemann and K. Risse and V. Rohde and H. Röhlinger and M. Romé and D. Rondeshagen and P. Rong and B. Roth and L. Rudischhauser and K. Rummel and T. Rummel and A. Runov and N. Rust and L. Ryc and S. Ryosuke and R. Sakamoto and M. Salewski and A. Samartsev and E. Sanchez and F. Sano and S. Satake and J. Schacht and G. Satheeswaran and F. Schauer and T. Scherer and J. Schilling and A. Schlaich and G. Schlisio and F. Schluck and K.-H. Schlüter and J. Schmitt and H. Schmitz and O. Schmitz and S. Schmuck and M. Schneider and W. Schneider and P. Scholz and R. Schrittwieser and M. Schröder and T. Schröder and R. Schroeder and H. Schumacher and B. Schweer and E. Scott and S. Sereda and B. Shanahan and M. Sibilia and P. Sinha and S. Sipliä and C. Slaby and M. Sleczka and H. Smith and W. Spiess and D.A. Spong and A. Spring and R. Stadler and M. Stejner and L. Stephey and U. Stridde and C. Suzuki and J. Svensson and V. Szabó and T. Szabolics and T. Szepesi and Z. Szökefalvi-Nagy and A. Tancetti and J. Terry and J. Thomas and M. Thumm and J.M. Travere and P. Traverso and J. Tretter and H. Trimino Mora and H. Tsuchiya and T. Tsujimura and S. Tulipán and B. Unterberg and I. Vakulchyk and S. Valet and L. Vano and B. van Milligen and A.J. van Vuuren and L. Vela and J.-L. Velasco and M. Vergote and M. Vervier and N. Vianello and H. Viebke and R. Vilbrandt and A. Vorköper and S. Wadle and F. Wagner and E. Wang and N. Wang and Z. Wang and F. Warmer and T. Wauters and L. Wegener and J. Weggen and Y. Wei and G. Weir and J. Wendorf and U. Wenzel and A. Werner and A. White and B. Wiegel and F. Wilde and T. Windisch and M. Winkler and A. Winter and V. Winters and S. Wolf and R.C. Wolf and A. Wright and G. Wurden and P. Xanthopoulos and H. Yamada and I. Yamada and R. Yasuhara and M. Yokoyama and M. Zanini and M. Zarnstorff and A. Zeitler and D. Zhang and H. Zhang and J. Zhu and M. Zilker and A. Zocco and S. Zoletnik and M. Zuin},
  title     = {Overview of first Wendelstein 7-X high-performance operation},
  journal   = {Nuclear Fusion}
}

@article{Dux2006,
  title     = {STRAHL User Manual},
  author    = {R Dux},
  year      = {2006},
  publisher = {{IPP} Report}
}



@article{Goncharov2007,
  title   = {Stellarator Impurity STRAHL Code Development in NIFS},
  author  = {P R Goncharov and Y IGITKHANOV and S Sudo and R Dux and H Funaba and D Kalinina and M Yokoyama and S Murakami and A Wakasa and N Tamura and K Kawahata and H Yamada and O Motojima},
  journal = {Plasma and Fusion Research},
  volume  = {2},
  pages   = {S1132-S1132},
  year    = {2007},
  doi     = {10.1585/pfr.2.S1132}
}

@article{Behringer1987,
  author  = {K Behringer},
  journal = {Jet Report},
  number  = {JET-R 87 (08)},
  title   = {Description of the impurity transport code STRAHL},
  volume  = {87},
  year    = {1987}
}

@misc{ADAS,
  author       = {EURATOM},
  title        = {Open-ADAS, Atomic Data and Analysis Structure},
  howpublished = {\url{https://open.adas.ac.uk/}},
  year         = {Accessed: 2021-03-24}
}

@misc{AtomicSpectra,
  author       = {NIST},
  title        = {Atomic Spectra Database, NIST Standard Reference Database 78, v5.10},
  howpublished = {\url{https://www.nist.gov/pml/atomic-spectra-database}},
  year         = {Accessed: 2021-03-24}
}

@article{Li2005,
  author = {Xiaoye S. Li},
  title  = {An Overview of {SuperLU}: Algorithms, Implementation,
            and User Interface},
  volume = {31},
  number = {3},
  year   = {2005},
  pages  = {302-325}
}

@article{Ghaoui2002,
  title    = {Inversion error, condition number, and approximate inverses of uncertain matrices},
  journal  = {Linear Algebra and its Applications},
  volume   = {343-344},
  pages    = {171-193},
  year     = {2002},
  note     = {Special Issue on Structured and Infinite Systems of Linear equations},
  issn     = {0024-3795},
  doi      = {https://doi.org/10.1016/S0024-3795(01)00273-7},
  author   = {Laurent {El Ghaoui}},
  keywords = {Structured matrix, Condition number, Linear fractional representation, Semidefinite programming, Vandermonde system, Total least squares}
}

@article{Peeters2000,
  author  = {Peeters, A. G.},
  title   = {Reduced charge state equations that describe Pfirsch Schlüter impurity transport in tokamak plasma},
  journal = {Physics of Plasmas},
  volume  = {7},
  number  = {1},
  pages   = {268-275},
  year    = {2000},
  issn    = {1070-664X},
  doi     = {10.1063/1.873812},
  url     = {https://doi.org/10.1063/1.873812},
  eprint  = {https://pubs.aip.org/aip/pop/article-pdf/7/1/268/19113408/268\_1\_online.pdf}
}

@article{Hirshman1981,
  doi       = {10.1088/0029-5515/21/9/003},
  url       = {https://dx.doi.org/10.1088/0029-5515/21/9/003},
  year      = {1981},
  publisher = {},
  volume    = {21},
  number    = {9},
  pages     = {1079},
  author    = {S.P. Hirshman and D.J. Sigmar},
  title     = {Neoclassical transport of impurities in tokamak plasmas},
  journal   = {Nuclear Fusion}
}

@article{Karzas1961,
  author  = {{Karzas}, W.~J. and {Latter}, R.},
  title   = {{Electron Radiative Transitions in a Coulomb Field.}},
  year    = 1961,
  volume  = {6},
  pages   = {167},
  doi     = {10.1086/190063},
  adsurl  = {https://ui.adsabs.harvard.edu/abs/1961ApJS....6..167K},
  adsnote = {Provided by the SAO/NASA Astrophysics Data System}
}

@book{Stangeby2000,
  author    = {Stangeby, P.C.},
  publisher = {CRC Press.},
  title     = {The Plasma Boundary of Magnetic Fusion Devices},
  year      = {2000},
  doi       = {https://doi.org/10.1201/9780367801489}
}

@inproceedings{Ding2009,
  title  = {Modelling of the radiative power loss from the plasma of the Tore Supra tokamak},
  author = {Yuantao Ding},
  year   = {2009},
  url    = {https://api.semanticscholar.org/CorpusID:85534288}
}

@misc{Shubov2021,
  title         = {Energy Balance Within Thermonuclear Reactors},
  author        = {Mikhail Shubov},
  year          = {2021},
  eprint        = {2104.06251},
  archiveprefix = {arXiv},
  primaryclass  = {physics.plasm-ph}
}


@article{Fuchert2020,
  author  = {Fuchert, G. and Beurskens, M. N. A. and Brunner, K. J. and Bozhenkov, S. and Dinklage, A. and Hacker, P. and the W7-X Team},
  journal = {Poster presented at 28th IAEA Fusion Energy Conference (FEC 2020)},
  title   = {Energy confinement in W7-X, more than just a scaling law},
  year    = {2020}
}

@book{Balescu2005,
  author    = {Balescu, R.},
  publisher = {CRC Press.},
  title     = {Aspects of Anomalous Transport in Plasmas},
  doi       = {https://doi.org/10.1201/9780367801601},
  year      = {2005}
}

@article{Hinton1976,
  title     = {Theory of plasma transport in toroidal confinement systems},
  author    = {Hinton, F. L. and Hazeltine, R. D.},
  journal   = {Rev. Mod. Phys.},
  volume    = {48},
  issue     = {2},
  pages     = {239--308},
  numpages  = {0},
  year      = {1976},
  publisher = {American Physical Society},
  doi       = {10.1103/RevModPhys.48.239},
  url       = {https://link.aps.org/doi/10.1103/RevModPhys.48.239}
}

@article{Kubkowska2018,
  author  = {Kubkowska, M., Buttenschön, B., Langenberg, A., & W7-X team},
  journal = {oprosy Atomnoj Nauki i Tekhniki},
  number  = {312-316},
  title   = {W7-X plasma diagnostics for impurity transport studies},
  volume  = {(6-118)},
  year    = {2018}
}

@article{Ford2020,
  author  = {Ford, O. P. and Vanó, L. and Alonso, J. A. and Baldzuhn, J. and Beurskens, M. N. A. and Biedermann, C. and Bozhenkov, S. A. and Fuchert, G. and Geiger, B. and Hartmann, D. and Jaspers, R. J. E. and Kappatou, A. and Langenberg, A. and Lazerson, S. A. and McDermott, R. M. and McNeely, P. and Neelis, T. W. C. and Pablant, N. A. and Pasch, E. and Rust, N. and Schroeder, R. and Scott, E. R. and Smith, H. M. and Wegner, Th. and Kunkel, F. and Wolf, R. C. and W7-X Team},
  title   = {{Charge exchange recombination spectroscopy at Wendelstein 7-X}},
  journal = {Review of Scientific Instruments},
  volume  = {91},
  number  = {2},
  pages   = {023507},
  year    = {2020},
  issn    = {0034-6748},
  doi     = {10.1063/1.5132936},
  url     = {https://doi.org/10.1063/1.5132936},
  eprint  = {https://pubs.aip.org/aip/rsi/article-pdf/doi/10.1063/1.5132936/16746992/023507\_1\_online.pdf}
}

@phdthesis{Puetterich2015,
  author = {Puetterich, T.},
  title  = {Control and diagnostic of high-Z impurities in fusion plasmas},
  year   = {2015},
  eprint = {http://pubman.mpdl.mpg.de/pubman/item/escidoc:2139233:4/component/escidoc:213923 2/IPP_17_44.pdf}
}

@phdthesis{Reimold2015,
  author = {Reimold, F.},
  title  = {Experimental studies and modeling of divertor plasma detachment in H-mode discharges in the ASDEX upgrade tokama},
  year   = {2015},
  eprint = {https://mediatum.ub.tum.de/doc/1232875/1232875.pdf}
}

@article{Eich2011,
  title         = {Inter-ELM Power Decay Length for JET and ASDEX Upgrade: Measurement and Comparison with Heuristic Drift-Based Model},
  author        = {Eich, T. and Sieglin, B. and Scarabosio, A. and Fundamenski, W. and Goldston, R. J. and Herrmann, A.},
  collaboration = {ASDEX Upgrade Team},
  journal       = {Phys. Rev. Lett.},
  volume        = {107},
  issue         = {21},
  pages         = {215001},
  numpages      = {4},
  year          = {2011},
  publisher     = {American Physical Society},
  doi           = {10.1103/PhysRevLett.107.215001},
  url           = {https://link.aps.org/doi/10.1103/PhysRevLett.107.215001}
}

@book{Bosch2000,
  author    = {Bosch, H.-S.},
  publisher = {Max-Planck Institute for Plasmaphysics, Garching},
  title     = {Die Physik der Alpha-Teilchen in einem Fusionsreaktor mit Deuterium-Tritium-Plasmen},
  year      = {2000}
}

@book{Dux2004,
  author    = {Dux, R.},
  publisher = {Max-Planck Institute for Plasmaphysics, Garching},
  title     = {Impurity Transport in Tokamak Plasmas},
  year      = {2004}
}

@article{Bosch1992,
  author  = {{Bosch}, H. -S. and {Hale}, G.~M.},
  title   = {{Improved formulas for fusion cross-sections and thermal reactivities}},
  journal = {Nuclear Fusion},
  year    = {1992},
  volume  = {32},
  number  = {4},
  pages   = {611-631},
  doi     = {10.1088/0029-5515/32/4/I07},
  adsurl  = {https://ui.adsabs.harvard.edu/abs/1992NucFu..32..611B},
  adsnote = {Provided by the SAO/NASA Astrophysics Data System}
}

@article{Oliphant1934,
  author  = {{Oliphant}, M.~L.~E. and {Harteck}, P. and {Rutherford}, Lord},
  title   = {{Transmutation Effects Observed with Heavy Hydrogen}},
  journal = {Proceedings of the Royal Society of London Series A},
  year    = {1934},
  volume  = {144},
  number  = {853},
  pages   = {692-703},
  doi     = {10.1098/rspa.1934.0077},
  adsurl  = {https://ui.adsabs.harvard.edu/abs/1934RSPSA.144..692O},
  adsnote = {Provided by the SAO/NASA Astrophysics Data System}
}

@article{Spitzer1958,
  author  = {{Spitzer}, Lyman, Jr.},
  title   = {{The Stellarator Concept}},
  journal = {Physics of Fluids},
  year    = {1958},
  volume  = {1},
  number  = {4},
  pages   = {253-264},
  doi     = {10.1063/1.1705883},
  adsurl  = {https://ui.adsabs.harvard.edu/abs/1958PhFl....1..253S},
  adsnote = {Provided by the SAO/NASA Astrophysics Data System}
}

@article{Boozer1998,
  author  = {Boozer, Allen H.},
  title   = {{What is a stellarator?}},
  journal = {Physics of Plasmas},
  volume  = {5},
  number  = {5},
  pages   = {1647-1655},
  year    = {1998},
  issn    = {1070-664X},
  doi     = {10.1063/1.872833},
  url     = {https://doi.org/10.1063/1.872833},
  eprint  = {https://pubs.aip.org/aip/pop/article-pdf/5/5/1647/19230715/1647\_1\_online.pdf}
}

@article{Wang2022,
  title    = {Radiation characteristics of detached divertor plasmas in W7-X},
  journal  = {Nuclear Materials and Energy},
  volume   = {33},
  pages    = {101283},
  year     = {2022},
  issn     = {2352-1791},
  doi      = {https://doi.org/10.1016/j.nme.2022.101283},
  url      = {https://www.sciencedirect.com/science/article/pii/S2352179122001648},
  author   = {E. Wang and R. König and M. Krychowiak and S. Brezinsek and P. Drews and D. Gradic and M. Jakubowski and P. Kornejew and T. Kremeyer and C. Killer and Y. Liang and O. Neubauer and A. Pandey and L. Rudischhauser and S. Sereda and G. Schlisio and S. Xu},
  keywords = {Detached divertor plasmas, Radiation distribution, Electron pressure, W7-X}
}

@article{Jensen1977,
  doi       = {10.1088/0029-5515/17/6/007},
  url       = {https://dx.doi.org/10.1088/0029-5515/17/6/007},
  year      = {1977},
  publisher = {},
  volume    = {17},
  number    = {6},
  pages     = {1187},
  author    = {R.V. Jensen and D.E. Post and W.H. Grasberger and C.B. Tarter and W.A. Lokke},
  title     = {Calculations of impurity radiation and its effects on tokamak experiments},
  journal   = {Nuclear Fusion}
}

@article{Drawin1978,
  title   = {Review paper A4. Plasma impurities and cooling},
  journal = {Physics Reports},
  volume  = {37},
  number  = {2},
  pages   = {125-163},
  year    = {1978},
  issn    = {0370-1573},
  doi     = {https://doi.org/10.1016/0370-1573(78)90039-X},
  url     = {https://www.sciencedirect.com/science/article/pii/037015737890039X},
  author  = {H.W. Drawin}
}

@article{Shafranov2001,
  doi       = {10.1070/PU2001v044n08ABEH001068},
  url       = {https://dx.doi.org/10.1070/PU2001v044n08ABEH001068},
  year      = {2001},
  publisher = {},
  volume    = {44},
  number    = {8},
  pages     = {835},
  author    = {Vitalii D Shafranov},
  title     = {The initial period in the history of nuclear fusion research at the Kurchatov Institute},
  journal   = {Physics-Uspekhi}
}

@article{Toschi1971,
  title   = {Nuclear fusion, an energy source},
  journal = {Fusion Engineering and Design},
  volume  = {36},
  number  = {1},
  pages   = {1-8},
  year    = {1997},
  issn    = {0920-3796},
  doi     = {https://doi.org/10.1016/S0920-3796(97)00007-0},
  url     = {https://www.sciencedirect.com/science/article/pii/S0920379697000070},
  author  = {R Toschi}
}

@book{IPCC2023,
  place     = {Cambridge},
  title     = {Climate Change 2021 – The Physical Science Basis: Working Group I Contribution to the Sixth Assessment Report of the Intergovernmental Panel on Climate Change},
  publisher = {Cambridge University Press},
  author    = {Intergovernmental Panel on Climate Change (IPCC)},
  year      = {2023}
}

@article{Pedersen2017,
  author  = {Sunn Pedersen, Thomas and Dinklage, Andreas and Turkin, Yuriy and Wolf, Robert and Bozhenkov, Sergey and Geiger, Joachim and Fuchert, Golo and Bosch, Hans-Stephan and Rahbarnia, Kian and Thomsen, Henning and Neuner, Ulrich and Klinger, Thomas and Langenberg, Andreas and Trimiño Mora, Humberto and Kornejew, Petra and Knauer, Jens and Hirsch, Matthias and the W7-X Team and Pablant, Novimir},
  title   = {{Key results from the first plasma operation phase and outlook for future performance in Wendelstein 7-X}},
  journal = {Physics of Plasmas},
  volume  = {24},
  number  = {5},
  pages   = {055503},
  year    = {2017},
  issn    = {1070-664X},
  doi     = {10.1063/1.4983629},
  url     = {https://doi.org/10.1063/1.4983629},
  eprint  = {https://pubs.aip.org/aip/pop/article-pdf/doi/10.1063/1.4983629/15994233/055503\_1\_online.pdf}
}

@article{Boozer2015,
  doi       = {10.1088/0029-5515/55/2/025001},
  url       = {https://dx.doi.org/10.1088/0029-5515/55/2/025001},
  year      = {2015},
  publisher = {IOP Publishing},
  volume    = {55},
  number    = {2},
  pages     = {025001},
  author    = {Allen H. Boozer},
  title     = {Non-axisymmetric magnetic fields and toroidal plasma confinement},
  journal   = {Nuclear Fusion}
}

@article{Helander2014,
  doi       = {10.1088/0034-4885/77/8/087001},
  url       = {https://dx.doi.org/10.1088/0034-4885/77/8/087001},
  year      = {2014},
  publisher = {IOP Publishing},
  volume    = {77},
  number    = {8},
  pages     = {087001},
  author    = {Per Helander},
  title     = {Theory of plasma confinement in non-axisymmetric magnetic fields},
  journal   = {Reports on Progress in Physics}
}

@article{Helander2012,
  doi       = {10.1088/0741-3335/54/12/124009},
  url       = {https://dx.doi.org/10.1088/0741-3335/54/12/124009},
  year      = {2012},
  month     = {11},
  publisher = {IOP Publishing},
  volume    = {54},
  number    = {12},
  pages     = {124009},
  author    = {Helander, P and Beidler, C D and Bird, T M and Drevlak, M and Feng, Y and Hatzky, R and Jenko, F and Kleiber, R and Proll, J H E and Turkin, Yu and Xanthopoulos, P},
  title     = {Stellarator and tokamak plasmas: a comparison},
  journal   = {Plasma Physics and Controlled Fusion}
}


@article{Beidler1990,
  author  = {Beidler, Craig and Grieger, Günter and Herrnegger, Franz and Harmeyer, Ewald and Kisslinger, Johann and Lotz, Wolf and Maassberg, Henning and Merkel, Peter and Nührenberg, Jürgen and Rau, Fritz and Sapper, Jörg and Sardei, Francesco and Scardovelli, Ruben and Schlüter, Arnulf and Wobig, Horst},
  year    = {1990},
  pages   = {148-168},
  title   = {Physics and Engineering Design for Wendelstein VII-X},
  volume  = {17},
  journal = {Fusion Technology},
  doi     = {10.13182/FST90-A29178}
}

@unknown{Geiger2021,
  author = {Geiger, Joachim and Andreeva, T. and Dinklage, A and Hirsch, Matthias and Suzuki, Yasuhiro and Thomsen, Hilda and Wurden, Glen and Alonso, J. and Beidler, C and Beurskens, M and Bozhenkov, S and Brakel, R and Brandt, C. and Brunner, Kai and Burhenn, Rainer and Bykov, Victor and Fuchert, Golo and Grahl, M and Grulke, Olaf and Team,},
  year   = {2021},
  pages  = {},
  title  = {Confinement and Equilibrium with Internal Islands in a Configuration Scan with respect to Iota in W7-X EX/P6-4}
}

@article{Wegner2023,
  title   = {Overview of core impurity transport in the first divertor operation of Wendelstein 7-X},
  volume  = {89},
  doi     = {10.1017/S0022377823000417},
  number  = {3},
  journal = {Journal of Plasma Physics},
  author  = {Wegner, Th. and Bähner, J.-P. and Buttenschön, B. and Langenberg, A. and von Stechow, A.},
  year    = {2023},
  pages   = {955890302}
}

@article{García2021,
  title   = {Turbulent impurity transport simulations in Wendelstein 7-X plasmas},
  volume  = {87},
  doi     = {10.1017/S0022377820001543},
  number  = {1},
  journal = {Journal of Plasma Physics},
  author  = {García-Regaña, J. M. and Barnes, M. and Calvo, I. and Parra, F. I. and Alcusón, J. A. and Davies, R. and González-Jerez, A. and Mollén, A. and Sánchez, E. and Velasco, J. L. and et al.},
  year    = {2021},
  pages   = {855870103}
}

@article{Langenberg2019,
  doi       = {10.1088/1361-6587/aaeb74},
  url       = {https://dx.doi.org/10.1088/1361-6587/aaeb74},
  year      = {2018},
  publisher = {IOP Publishing},
  volume    = {61},
  number    = {1},
  pages     = {014030},
  author    = {A Langenberg and F Warmer and G Fuchert and O Marchuk and A Dinklage and Th Wegner and J A Alonso and S Bozhenkov and K J Brunner and R Burhenn and B Buttenschön and P Drews and B Geiger and O Grulke and M Hirsch and U Höfel and K P Hollfeld and C Killer and J Knauer and T Krings and F Kunkel and U Neuner and G Offermanns and N A Pablant and E Pasch and K Rahbarnia and G Satheeswaran and J Schilling and B Schweer and H Thomsen and P Traverso and R C Wolf and the W7-X Team},
  title     = {Impurity transport studies at Wendelstein 7-X by means of x-ray imaging spectrometer measurements*},
  journal   = {Plasma Physics and Controlled Fusion}
}

@article{Sereda2020,
  doi       = {10.1088/1741-4326/ab937b},
  url       = {https://dx.doi.org/10.1088/1741-4326/ab937b},
  year      = {2020},
  publisher = {IOP Publishing},
  volume    = {60},
  number    = {8},
  pages     = {086007},
  author    = {S. Sereda and S. Brezinsek and E. Wang and T. Barbui and R. Brakel and B. Buttenschön and A. Goriaev and U. Hergenhahn and U. Höfel and M. Jakubowski and A. Knieps and R. König and M. Krychowiak and S. Kwak and Y. Liang and D. Naujoks and A. Pavone and M. Rasinski and L. Rudischhauser and M. Ślęczka and J. Svensson and H. Viebke and T. Wauters and Y. Wei and V. Winters and D. Zhang and the W7-X team},
  title     = {Impact of boronizations on impurity sources and performance in Wendelstein 7-X},
  journal   = {Nuclear Fusion}
}

@article{Klinger2016_2,
  author  = {{Klinger, Thomas}},
  title   = {A newcomer: the Wendelstein 7-X Stellarator},
  doi     = {10.1051/epn/2016506},
  url     = {\url{https://doi.org/10.1051/epn/2016506}},
  journal = {Europhysics News},
  year    = {2016},
  volume  = {47},
  number  = {5-6},
  pages   = {35-38}
}

@article{Casson2015,
  doi       = {10.1088/0741-3335/57/1/014031},
  url       = {https://dx.doi.org/10.1088/0741-3335/57/1/014031},
  year      = {2014},
  publisher = {IOP Publishing},
  volume    = {57},
  number    = {1},
  pages     = {014031},
  author    = {F J Casson and C Angioni and E A Belli and R Bilato and P Mantica and T Odstrcil and T Pütterich and M Valisa and L Garzotti and C Giroud and J Hobirk and C F Maggi and J Mlynar and M L Reinke and JET EFDA Contributors and ASDEX-Upgrade Team},
  title     = {Theoretical description of heavy impurity transport and its application to the modelling of tungsten in JET and ASDEX upgrade},
  journal   = {Plasma Physics and Controlled Fusion}
}

@article{Dux2000,
  doi       = {10.1088/0029-5515/40/10/304},
  url       = {https://dx.doi.org/10.1088/0029-5515/40/10/304},
  year      = {2000},
  publisher = {},
  volume    = {40},
  number    = {10},
  pages     = {1721},
  author    = {R. Dux and  A.G. Peeters},
  title     = {Neoclassical impurity transport in the core 
               of an ignited tokamak plasma},
  journal   = {Nuclear Fusion}
}

@article{Milligen2004,
  author  = {van Milligen, B. Ph. and Sánchez, R. and Carreras, B. A.},
  title   = {{Probabilistic finite-size transport models for fusion: Anomalous transport and scaling laws}},
  journal = {Physics of Plasmas},
  volume  = {11},
  number  = {5},
  pages   = {2272-2285},
  year    = {2004},
  issn    = {1070-664X},
  doi     = {10.1063/1.1701893},
  url     = {https://doi.org/10.1063/1.1701893},
  eprint  = {https://pubs.aip.org/aip/pop/article-pdf/11/5/2272/19291661/2272\_1\_online.pdf}
}

@article{Garcia2006,
  author  = {Garcia, L. and Carreras, B. A.},
  title   = {{Mesoscale transport properties induced by near critical resistive pressure-gradient-driven turbulence in toroidal geometry}},
  journal = {Physics of Plasmas},
  volume  = {13},
  number  = {2},
  pages   = {022310},
  year    = {2006},
  issn    = {1070-664X},
  doi     = {10.1063/1.2172177},
  url     = {https://doi.org/10.1063/1.2172177},
  eprint  = {https://pubs.aip.org/aip/pop/article-pdf/doi/10.1063/1.2172177/14120654/022310\_1\_online.pdf}
}

@article{Fulop2001,
  author  = {Fülöp, T. and Helander, P.},
  title   = {{Nonlinear neoclassical transport in toroidal edge plasmas}},
  journal = {Physics of Plasmas},
  volume  = {8},
  number  = {7},
  pages   = {3305-3313},
  year    = {2001},
  issn    = {1070-664X},
  doi     = {10.1063/1.1372179},
  url     = {https://doi.org/10.1063/1.1372179},
  eprint  = {https://pubs.aip.org/aip/pop/article-pdf/8/7/3305/19215506/3305\_1\_online.pdf}
}

@article{Tribaldos2005,
  doi       = {10.1088/0741-3335/47/3/010},
  url       = {https://dx.doi.org/10.1088/0741-3335/47/3/010},
  year      = {2005},
  publisher = {},
  volume    = {47},
  number    = {3},
  pages     = {545},
  author    = {V Tribaldos and J Guasp},
  title     = {Neoclassical global flux simulations in stellarators},
  journal   = {Plasma Physics and Controlled Fusion}
}

@article{Schneider2006,
  author   = {Schneider, R. and Bonnin, X. and Borrass, K. and Coster, D. P. and Kastelewicz, H. and Reiter, D. and Rozhansky, V. A. and Braams, B. J.},
  title    = {Plasma Edge Physics with B2-Eirene},
  journal  = {Contributions to Plasma Physics},
  volume   = {46},
  number   = {1-2},
  pages    = {3-191},
  keywords = {Plasma edge, plasma modelling, plasma codes, plasma transport boundary layer},
  doi      = {https://doi.org/10.1002/ctpp.200610001},
  url      = {https://onlinelibrary.wiley.com/doi/abs/10.1002/ctpp.200610001},
  eprint   = {https://onlinelibrary.wiley.com/doi/pdf/10.1002/ctpp.200610001},
  year     = {2006}
}

@article{Tokar2010,
  author    = {M.Z. Tokar},
  title     = {Impurity Transport and Radiation},
  journal   = {Fusion Science and Technology},
  volume    = {57},
  number    = {2T},
  pages     = {261-268},
  year      = {2010},
  publisher = {Taylor & Francis},
  doi       = {10.13182/FST10-A9417},
  url       = {https://doi.org/10.13182/FST10-A9417},
  eprint    = {https://doi.org/10.13182/FST10-A9417}
}

@article{Meade1974,
  doi       = {10.1088/0029-5515/14/2/017},
  url       = {https://dx.doi.org/10.1088/0029-5515/14/2/017},
  year      = {1974},
  publisher = {},
  volume    = {14},
  number    = {2},
  pages     = {289},
  author    = {D.M. Meade},
  title     = {Effect of high-Z impurities on the ignition and Lawson conditions for a thermonuclear reactor},
  journal   = {Nuclear Fusion}
}

@article{Oudah2019,
  doi       = {10.1088/1742-6596/1234/1/012114},
  url       = {https://dx.doi.org/10.1088/1742-6596/1234/1/012114},
  year      = {2019},
  publisher = {IOP Publishing},
  volume    = {1234},
  number    = {1},
  pages     = {012114},
  author    = {Osamah Nawfal Oudah and Raad Hameed Majeed},
  title     = {Fusion Power Density and Radiation Losses Characteristics for Tritium Fusion Reactions},
  journal   = {Journal of Physics: Conference Series}
}

@article{Mavrin2020,
  doi       = {10.1088/1361-6587/abab5d},
  url       = {https://dx.doi.org/10.1088/1361-6587/abab5d},
  year      = {2020},
  publisher = {IOP Publishing},
  volume    = {62},
  number    = {10},
  pages     = {105023},
  author    = {Aleksey A Mavrin},
  title     = {Effect of impurity radiation and helium particle confinement on tokamak–reactor plasma performance},
  journal   = {Plasma Physics and Controlled Fusion}
}

@article{Wenzel2018,
  doi       = {10.1088/1741-4326/aacb86},
  url       = {https://dx.doi.org/10.1088/1741-4326/aacb86},
  year      = {2018},
  publisher = {IOP Publishing},
  volume    = {58},
  number    = {9},
  pages     = {096025},
  author    = {U. Wenzel and C. Biedermann and G. Kocsis and T. Szepesi and B.D. Blackwell and S. Klose and J. Knauer and M. Krychowiak and L. Stephey and O. Schmitz and J. Harris and R. König and T.S. Pedersen and the W7-X Team},
  title     = {Observation of Marfes in the Wendelstein 7-X stellarator with inboard limiters},
  journal   = {Nuclear Fusion}
}

@book{IAEA2012,
  title     = {Atomic and Plasma–Material Interaction Data for Fusion},
  series    = {Atomic and Plasma–Material Interaction Data for Fusion},
  number    = {15},
  year      = {2012},
  isbn      = {978-92-0-131410-9},
  url       = {https://www.iaea.org/publications/8470/atomic-and-plasma-material-interaction-data-for-fusion},
  publisher = {INTERNATIONAL ATOMIC ENERGY AGENCY},
  address   = {Vienna}
}

@article{Ohtsuka1982,
  doi       = {10.1088/0029-5515/22/6/011},
  url       = {https://dx.doi.org/10.1088/0029-5515/22/6/011},
  year      = {1982},
  publisher = {},
  volume    = {22},
  number    = {6},
  pages     = {827},
  author    = {H. Ohtsuka},
  title     = {A relation between light and metal impurities in tokamak plasmas},
  journal   = {Nuclear Fusion}
}

@article{Samm1993,
  doi       = {10.1088/0741-3335/35/SB/013},
  url       = {https://dx.doi.org/10.1088/0741-3335/35/SB/013},
  year      = {1993},
  publisher = {},
  volume    = {35},
  number    = {SB},
  pages     = {B167},
  author    = {U Samm and  G Bertschinger and  P Bogen and  J D Hey and  E Hintz and  L Konen and  Y T Lie and  A Pospieszczyk and  D Rusbuldt and  R P Schorn and  B Schweer and  M Tokar and  B Unterberg},
  title     = {Radiative edges under control by impurity fluxes},
  journal   = {Plasma Physics and Controlled Fusion}
}

@article{Lipschultz1984,
  doi       = {10.1088/0029-5515/24/8/002},
  url       = {https://dx.doi.org/10.1088/0029-5515/24/8/002},
  year      = {1984},
  publisher = {},
  volume    = {24},
  number    = {8},
  pages     = {977},
  author    = {B. Lipschultz and B. LaBombard and E.S. Marmar and M.M. Pickrell and J.L. Terry and R. Watterson and S.M. Wolfe},
  title     = {Marfe: an edge plasma phenomenon},
  journal   = {Nuclear Fusion}
}

@article{Baker1982,
  doi       = {10.1088/0029-5515/22/6/008},
  url       = {https://dx.doi.org/10.1088/0029-5515/22/6/008},
  year      = {1982},
  publisher = {},
  volume    = {22},
  number    = {6},
  pages     = {807},
  author    = {D.R. Baker and R.T. Snider and M. Nagami},
  title     = {Observation of cold, high-density plasma near the Doublet III limiter},
  journal   = {Nuclear Fusion}
}

@article{Greenwald2002,
  doi       = {10.1088/0741-3335/44/8/201},
  url       = {https://dx.doi.org/10.1088/0741-3335/44/8/201},
  year      = {2002},
  publisher = {},
  volume    = {44},
  number    = {8},
  pages     = {R27},
  author    = {Martin Greenwald},
  title     = {Density limits in toroidal plasmas},
  journal   = {Plasma Physics and Controlled Fusion}
}

@article{Eich2013,
  doi       = {10.1088/0029-5515/53/9/093031},
  url       = {https://dx.doi.org/10.1088/0029-5515/53/9/093031},
  year      = {2013},
  publisher = {IOP Publishing and International Atomic Energy Agency},
  volume    = {53},
  number    = {9},
  pages     = {093031},
  author    = {T. Eich and A.W. Leonard and R.A. Pitts and W. Fundamenski and R.J. Goldston and T.K. Gray and A. Herrmann and A. Kirk and A. Kallenbach and O. Kardaun and A.S. Kukushkin and B. LaBombard and R. Maingi and M.A. Makowski and A. Scarabosio and B. Sieglin and J. Terry and A. Thornton and ASDEX Upgrade Team and JET EFDA Contributors},
  title     = {Scaling of the tokamak near the scrape-off layer H-mode power width and implications for ITER},
  journal   = {Nuclear Fusion}
}

@article{Hogan2000,
  author  = {Hogan, J. and Hillis, Donald},
  year    = {2000},
  pages   = {879-888},
  title   = {Helium transport and exhaust in tokamaks},
  volume  = {40},
  journal = {Nuclear Fusion - NUCL FUSION},
  doi     = {10.1088/0029-5515/40/4/412}
}

@article{Rohde2009,
  doi       = {10.1088/0031-8949/2009/T138/014024},
  url       = {https://dx.doi.org/10.1088/0031-8949/2009/T138/014024},
  year      = {2009},
  publisher = {},
  volume    = {2009},
  number    = {T138},
  pages     = {014024},
  author    = {V Rohde and M Balden and T Lunt and the ASDEX Upgrade Team},
  title     = {Dust investigations at ASDEX Upgrade},
  journal   = {Physica Scripta}
}

@article{Balden2014,
  doi       = {10.1088/0029-5515/54/7/073010},
  url       = {https://dx.doi.org/10.1088/0029-5515/54/7/073010},
  year      = {2014},
  publisher = {IOP Publishing},
  volume    = {54},
  number    = {7},
  pages     = {073010},
  author    = {M. Balden and N. Endstrasser and P.W. Humrickhouse and V. Rohde and M. Rasinski and U. von Toussaint and S. Elgeti and R. Neu and the ASDEX Upgrade Team},
  title     = {Collection strategy, inner morphology, and size distribution of dust particles in ASDEX Upgrade},
  journal   = {Nuclear Fusion}
}

@article{Kallenbach2012,
  author  = {Kallenbach, A. and Bernert, M. and Eich, T. and Fuchs, J.C. and Giannone, L. and Herrmann, A. and Schweinzer, J. and Treutterer, W.},
  year    = {2012},
  pages   = {122003},
  title   = {Optimized tokamak power exhaust with double radiative feedback in ASDEX Upgrade},
  volume  = {52},
  journal = {Nuclear Fusion},
  doi     = {10.1088/0029-5515/52/12/122003}
}

@article{Kallenbach2011,
  author  = {Kallenbach, A. and Balden, M. and Dux, R. and Eich, T. and Giroud, C. and Huber, A. and Maddison, G. and Mayer, Matej and McCormick, K. and Neu, R. and Petrie, T. and Pütterich, T. and Rapp, J. and Reinke, M. and Schmid, K. and Schweinzer, J. and Wolfe, S.},
  year    = {2011},
  pages   = {},
  title   = {Plasma surface interactions in impurity seeded plasmas},
  volume  = {415},
  journal = {Journal of Nuclear Materials},
  doi     = {10.1016/j.jnucmat.2010.11.105}
}

@inproceedings{Kallenbach2009,
  author  = {Kallenbach, A. and Dey, Ritu and Dux, R. and Fuchs, J. and Giannone, L. and Herrmann, A and Müller, Hans Werner and Neu, R. and Pütterich, T. and Rohde, V. and Treutterer, W. and Team, ASDEX},
  year    = {2009},
  pages   = {},
  title   = {Divertor power load feedback with nitrogen seeding in ASDEX Upgrade},
  volume  = {52},
  journal = {Plasma Physics and Controlled Fusion, v.52 (2010)},
  doi     = {10.1088/0741-3335/52/5/055002}
}

@article{Houlberg1997,
  author  = {Houlberg, W. A. and Shaing, K. C. and Hirshman, S. P. and Zarnstorff, M. C.},
  title   = {{Bootstrap current and neoclassical transport in tokamaks of arbitrary collisionality and aspect ratio}},
  journal = {Physics of Plasmas},
  volume  = {4},
  number  = {9},
  pages   = {3230-3242},
  year    = {1997},
  issn    = {1070-664X},
  doi     = {10.1063/1.872465},
  url     = {https://doi.org/10.1063/1.872465},
  eprint  = {https://pubs.aip.org/aip/pop/article-pdf/4/9/3230/19108363/3230\_1\_online.pdf}
}

@article{Dux1996,
  doi       = {10.1088/0741-3335/38/7/004},
  url       = {https://dx.doi.org/10.1088/0741-3335/38/7/004},
  year      = {1996},
  publisher = {},
  volume    = {38},
  number    = {7},
  pages     = {989},
  author    = {R Dux and  A Kallenbach and  M Bessenrodt-Weberpals and  K Behringer and  H-S Bosch and  J C Fuchs and  O Gehre and  F Mast and  W Poschenrieder and  H Murmann and  H Salzmann and  J Schweinzer and  W Suttrop and  the ASDEX Upgrade Team and  the NI Team},
  title     = {Measurement and modelling of neon radiation profiles in radiating boundary discharges in ASDEX Upgrade},
  journal   = {Plasma Physics and Controlled Fusion}
}

@article{Wagner1998,
  author    = {F. Wagner},
  title     = {Stellarators and Optimised Stellarators},
  journal   = {Fusion Technology},
  volume    = {33},
  number    = {2T},
  pages     = {67-83},
  year      = {1998},
  publisher = {Taylor & Francis},
  doi       = {10.13182/FST98-A11946996},
  url       = {https://doi.org/10.13182/FST98-A11946996},
  eprint    = {https://doi.org/10.13182/FST98-A11946996}
}

@article{Chen1984,
  author    = {F. F. Chen},
  title     = {Introduction to plasma physics and controlled fusion},
  editor    = {F. F. Chen},
  publisher = {Plenum Press},
  year      = {1984},
  chapter   = {5}
}
