@article{dummy,
  author       = {Doe, John and Doe, Jane},
  title        = {Major results from the first plasma campaign of the Wendelstein~7-X stellarator},
  journaltitle = {Nuclear Fusion},
  date         = {2017-07-27},
  volume       = {57},
  number       = {10},
  pages        = {102020},
  doi          = {10.1088/1741-4326/aa770d},
  keywords     = {W7X,refereed},
}