@article{beidler2011overview,
  title={Overview of the Wendelstein 7-X project},
  author={Beidler, C. D. and Bozhenkov, S. A. and Burhenn, R. and Dinklage, A. and Effenberg, F. and Endler, M. and Fuchert, G. and Geiger, J. and Grigull, P. and Harris, J. H. and others},
  journal={Nuclear Fusion},
  volume={51},
  number={10},
  pages={103002},
  year={2011},
  publisher={IOP Publishing}
}

@article{pedersen2019experimental,
  title={Experimental studies of impurity transport in the Wendelstein 7-X stellarator},
  author={Pedersen, Thomas Sunn and Geiger, Joachim and Bozhenkov, Sergey and Dinklage, Andreas and Endler, Michael and Feng, Yuebing and Fuchert, Golo and Harris, Jeffrey H and Hirsch, Matthias and K{\"o}nig, Ralf and others},
  journal={Nuclear Materials and Energy},
  volume={18},
  pages={202--208},
  year={2019},
  publisher={Elsevier}
}

@article{wobig2020overview,
  title={Overview of the Wendelstein 7-X stellarator fusion device},
  author={Wobig, Heinrich and Beidler, Craig D and Bozhenkov, Sergey and Dinklage, Andreas and Endler, Michael and Fuchert, Golo and Geiger, Joachim and Grigull, Peter and Harris, Jeffrey H and K{\"o}nig, Ralf and others},
  journal={Plasma Physics and Controlled Fusion},
  volume={62},
  number={1},
  pages={014011},
  year={2020},
  publisher={IOP Publishing}
}


@article{w7x_science,
  author={Bosch, H.-S. and Wolf, R. C.},
  title={Perspectives for fusion plasma research on the Wendelstein 7-X stellarator},
  journal={Nuclear Fusion},
  volume={57},
  number={10},
  pages={102004},
  year={2017},
  publisher={IOP Publishing}
}

@article{diii-d,
  author={Luxon, J. L. and Davis, W. M.},
  title={The design of the national spherical torus experiment (NSTX)},
  journal={Fusion Engineering and Design},
  volume={53},
  number={1-4},
  pages={233--292},
  year={2000},
  publisher={Elsevier}
}

@article{iter,
  author={Shimada, M. and Campbell, D. J. and Polevoi, A. R.},
  title={Overview of the ITER program},
  journal={Nuclear Fusion},
  volume={57},
  number={10},
  pages={102001},
  year={2017},
  publisher={IOP Publishing}
}

@article{impurities,
  author={O'Mullane, M. G. and Summers, H. P. and Connor, J. W. and others},
  title={Impurity transport studies in magnetic confinement fusion devices},
  journal={Plasma Physics and Controlled Fusion},
  volume={46},
  number={12A},
  pages={A43},
  year={2004},
  publisher={IOP Publishing}
}

@article{neoclassical,
  author={Catto, P. J.},
  title={Neoclassical impurity transport in tokamaks},
  journal={Plasma Physics and Controlled Fusion},
  volume={31},
  number={5},
  pages={641},
  year={1989},
  publisher={IOP Publishing}
}

@article{turbulence,
  author={Dimits, A. M. and Bateman, G. and Beer, M. A. and others},
  title={Comparisons and physics basis of tokamak transport models and turbulence simulations},
  journal={Physics of Plasmas},
  volume={7},
  number={3},
  pages={969--983},
  year={2000},
  publisher={AIP Publishing}
}

@article{sun2017,
  title={Overview of the Wendelstein 7-X project},
  author={Sun, Yong},
  journal={Nuclear Fusion},
  volume={57},
  number={10},
  pages={102002},
  year={2017},
  publisher={IOP Publishing}
}
