//**************************************************** //
//*
//* MY OWN
//*
//**************************************************** //

@article{Verboncoeur01,
    title       ={Symmetric Spline Weighting for Charge and Current Density
                    in Particle Simulation},
    author      ={J. P. Verboncoeur},
    journal     ={Journal of Computational Physics},
    volume      ={174, 421–427},
    publisher   ={Department of Nuclear Engineering, University of 
                    California, 94720-1770},
    year        ={2001}
}
    
@book{MatyashDiss,
    author      ={Konstantin Matyash},
    title       ={Kinetic Modeling of Multi-Component Edge Plasmas},
    year        ={2003},
    publisher   ={Greifswald Universtity, Institute of Physics}
}

@article{Verboncoeur94,
        author  ={J.P. Verboncoeur, A.B. Langdon, N.T. Gladd},
        title   ={An object-oriented electromagnetic PIC code},
        journal ={Computer Physics Communications},
        volume  ={87, pp. 199-211},
        year    ={1994}
}

@article{Verboncoeur91,
        author  ={J.P. Verboncoeur, M.V. Alves, V. Vahedi, C.K. Birdsall},
        title   ={Simultaneous Potential and Circuit Solution for 1D Bounded
                    Plasma Particle Simulation Codes},
        journal ={Computational Physics},
        volume  ={104, pp. 321-328},
        year    ={1991}
}

@article{Matyash07oxIII,
        author  ={K Matyash and R Schneider and K Dittmann and J Meichsner and
                    F X Bronold and D Tskhakaya},
        title   ={Radio-frequency discharges in oxygen: III. Comparison of modelling
                    and experiment},
        journal ={J. Phys. D: Appl. Phys.},
        volume  ={40, pp. 6601-6607},
        year    ={2007}
}

@article{Matyash04,
        author  ={K. Matyash, R. Schneider},
        title   ={PIC-MCC Modeling of a Capacitive RF discharge},
        journal ={Contrib. Plasma Phys.},
        volume  ={44, No. 7-8, pp. 589-593},
        year    ={2004}
}

@article{Duras14,
        author  ={J. Duras, K. Matyash, D. Tskhakaya, O. Kalentev, and R. Schneider},
        title   ={Self-Force in 1D Electrostatic Particle-in-Cell Codes for Non-
                    Equidistant Grids},
        journal ={Contrib. Plasma Phys.},
        volume  ={54, No. 8, pp. 697-711},
        year    ={2014}
}

@article{Okada78,
        author  ={I Okada and Y Sakai and H Tagashira and S Sakamoto},
        title   ={Monte Carlo simulation of the reaction and 
                    transport of negative ions O - and O 2 - in oxygen},
        journal ={Journal of Physics D: Applied Physics},
        volume  ={11},
        number  ={7},
        pages   ={1107},
        year    ={1978},
}

@book{Schulze09,
        author		= {F. J. {Schulze}},
        title		= {Electron heating in capacitively coupled radio
				 							frequency discharges},
        publisher	= {Ruhr-University Bochum, Fakulty of Physics und Astronomy},
        year		= {2009},
}

@article{Gudmundsson13,
  			author	= {J. T. {Gudmundsson}, E. {Kawamura} and M. A. {Lieberman}},
  			title	= {A benchmark study of a capacitively coupled oxygen 
										discharge of the oopd1 particle-in-cell Monte Carlo code},
  			journal	= {Plasma Sources Science and Technology},
  			volume	= {22},
  			number	= {3},
  			pages	= {035011},
  			year	= {2013}
}

@article{Matthias17,
        author  = {{Matthias}, P. and {Bandelow}, G. and {Duras}, J. and {Hacker}, P. and {Kahnfeld}, D. and {Kemnitz}, S. and {Lewerentz}, L. and {Lueskow}, K.-F. and {Schneider}, R. and {Meichsner}, J.},
        title   = {PIC simulation of ccrf discharges}
}

@book{Matthias15,
        author		= {P. {Matthias}},
        title		= {2D Simulation of RF Discharges},
        publisher	= {Universität Greifswald, Institute of Physics}
}

@article{Surendra93,
			  title 		= {Moment analysis of rf parallel-plate-discharge 
											simulations using the particle-in-cell
											with Monte Carlo collisions technique},
			  author 		= {Surendra, M. and Dalvie, M.},
			  journal 	    = {Phys. Rev. E},
			  volume 		= {48},
			  issue 		= {5},
			  pages 		= {3914--3924},
			  numpages 	    = {0},
			  year 			= {1993},
			  publisher     = {American Physical Society},
			  doi 			= {10.1103/PhysRevE.48.3914}
}

@article{Lieberman88,
				author 	    = {M. A. Lieberman}, 
				journal	    = {IEEE Transactions on Plasma Science}, 
				title		= {Analytical solution for capacitive RF sheath}, 
				year		= {1988}, 
				volume 	    = {16}, 
				number 	    = {6}, 
				pages		= {638-644}, 
				doi			= {10.1109/27.16552}, 
				ISSN		= {0093-3813}
}

@article{Goedde88,
   	 		Author 			= {Goedde, C. G. and Lichtenberg, Allan J. and Lieberman, Michael A.},
    		Title 			= {Self-Consistent Stochastic Electron Heating in Radio Frequency Discharges},
    		Institution     = {EECS Department, University of California, Berkeley},
    		Year 				= {1988},
    		Number 			= {UCB/ERL M88/29}
}

@article{Tskhakaya,
        author  = "D. {Tskhakaya} and K. {Matyash} and R. {Schneider} and F. {Taccogna}",
        year	= "2007",
        title   = "The Particle-In-Cell Method",
        journal = "Contrib. Plasma Phys.",
        volume  = "47",
        number  = "8-9",
        pages   = "563--594"
}

@article{Ikkurthi09,
        author      = {V. R. {Ikkurthi} and K. {Matyash} and J. {Meichsner} and A. {Melzer} and R. {Schneider}},
        title       = {Simulation of ion energy distributions in Ar/CH 4 rf discharges with ion extraction},
        journal     = {Plasma Sources Science and Technology},
        volume      = {18},
        number      = {3},
        pages       = {035003},
        year        = {2009}
}
	
@article{Takao11,
        author  = {Y. {Takao}, K. {Matsuoka}, K. {Eriguchi} and K.  {Ono}},
        title   = {PIC-MCC Simulations of Capacitive RF Discharges for Plasma Etching},
        journal = {AIP Conference Proceedings},
        volume  = {1333},
        number  = {1},
        pages   = {1051-1056},
        year    = {2011}
}
 
@article{Langmuir25,
        author  = "I. {Langmuir} and K. H. {Kingdon}",
        year	= "1925",
        title   = "Thermionic Effects Caused by Vapours of Alkali Metals",
        journal = "Proc. R. Soc.",
        volume  = "107",
        pages   = "61--79",
}

@book{Birdsall91,
 	author      = "C. K. {Birdsall} and A. B. {Langdon}",
 	year	    = "1991",
 	title       = "Plasma Physics via Computer Simulations",
 	publisher   = "The Adam Hilger Series on Plasma Physics"
}


@article{Breitwieser65,
        author  = "R. {Breitwieser} and W. {Rush}",
        year	 = "1965",
        title   = "Saha-Langmuir Surface Ionization Relation",
        journal = "NASA Technical Memorandum",
}

@article{Scheuer15,
 				author  = "S. {Scheuer}",
 				year	= "2015",
 				title   = "Plasmadiagnostische Untersuchungen zur Charakterisierung von Moden in elektronegativen RF-Plasmen",
 				journal = "Master thesis",
}

@article{Stoffels01,
        author    = "E. {Stoffels} and W. W. {Stoffels} and G. M. W. {Kroesen}",
        year	  = "2001",
        title     = "Plasma chemistry and surface processes of negative ions",
        journal   = "Plasma Sources Sci. Technol.",
        volume    = "10",
        pages     = "311--317",
}

@article{Kawano83b,
 				 author   = "H. {Kawano} and F. M. {Page}",
 				 year	  = "1983",
 				 title    = "Experimental methods and techniques for negative-ion production ionization",
 				 journal  = "International Journal of Mass Spectrometry and Ion Physics",
 				 volume   = "50",
 				 pages    = "1--33",
}

@article{Kawamura99,
 				author  = "E. {Kawamura} and V. {Vahedi} and M. A. {Lieberman} and C. K. {Birdsall}",
 				year	= "1999",
 				title   = "Ion energy distribution in rf sheaths; review, analysis and simulation",
 				journal = "Plasma Sources Sci. Technol.",
 				volume  = "8",
 				pages   = "R45--R64",
}

@article{Meichsner13,
				author  = "J. {Meichnser} and M. {Schmidt} and R. {Schneider} and H.-E. {Wagner}",
				year	= "2013",
				title   = "Nonthermal Plasma Chemistry and Physics",
}

@article{Matyash07PIC,
 				author  = "K. {Matyash} and R. {Schneider} and  F. {Taccogna} and
									 	A. {Hatayama} and S. {Longo} and M. {Capitelli} and 
										D. {Tskhakaya} and F.X. {Bronold}",
 				year	= "2007",
 				title   = "Particle in Cell Simulation of Low Temperature Laboratory Plasmas",
 				journal = "Contrib. Plasma Phys.",
 				volume  = "47",
 				number  = "8-9",
 				pages   = "595--634",
}

@article{Duras11,
    		author  = "J. {Duras}",
    		year 	= "2011",
    		title   = "Instabilities in ion thrusters by plasma-wall interactions",
    		journal = "Diplom Thesis"
}

@article{Farouk09b,
    		author 	= "T. I. {Farouk}",
    		year 	= "2009",
    		title 	= "Modeling and Simulations of DC and RF Atmospheric 
										Pressure Non-thermal Micro Plasma Discharges: Analysis and Applications",
    		journal = "Doctor Thesis"
}

@article{Bronold07b,
 				author  = "F. X. {Bronold} and K. {Matyash} and D. {Tskhakaya} and R. {Schneider} and H. {Fehske}",
 				year	= "2007",
 				title   = "Radio-frequency discharges in oxygen: I. Particle-based modelling",
 				journal = "J. Phys. D: Appl. Phys.",
 				volume  = "40",
 				pages   = "6583--6592",
}

@article{Timko10b,
 				author 	= "H. {Timko}",
 				year   	= "2010",
 				title  	= "Scaling in 2D PIC",
 				journal = "Helsinki Institute of Physics",
}

@article{Bruhn08,
    		author 	= "B. {Bruhn} and A. {Richter} and B. {May}",
    		year    = "2008",
    		title   = "On the stability of a dc-driven oxygen discharge in cylindrical geometry",
    		journal = "Physics of Plasmas",
    		volume 	= "15",
}

@article{Gozadinos01b,
    author	= "G. {Gozadinos} and D. {Vender} and M.M. {Turner} and M.A. {Liberman}",
    year    = "2001",
    title   = "Collisionless electron heating by capacitive radio-frequency plasma sheaths",
    journal = "Plasma Sources Sci. Technol.",
    volume 	= "10",
    number 	= "2",
}

//**********************************************************/
//* 
//* THE LETTER B
//* 
//**********************************************************/

@article{Bruhn08,
    		author 	= "B. {Bruhn} and A. {Richter} and B. {May}",
    		year    = "2008",
    		title   = "On the stability of a dc-driven oxygen discharge in cylindrical geometry",
    		journal = "Physics of Plasmas",
    		volume 	= "15",
}

@article{Boris70,
    		author 	= "J. P. {Boris}",
    		year    = "1970",
    		title   = "Relativistic plasma simulation-optimization of a hybrid code",
    		journal = "Proceedings of the 4th Conference on Numerical Simulation of Plasmas",
    		pages 	= "3-67",
}

//**********************************************************/
//* 
//* THE LETTER C
//* 
//**********************************************************/

@article{Cvelbar05,
    		author 	= "U. {Cvelbar} and M. {Mozetic} and M. {Klansjek-Gunde}",
    		year    = "2005",
    		title   = "Selective oxygen plasma etchin of coatings",
    		journal = "Plasma Science, IEEE",
    		volume 	= "3",
    		number 	= "2",
    		pages 	= "236-237",
}

//**********************************************************/
//* 
//* THE LETTER D
//* 
//**********************************************************/

@article{Dimakopoulos03,
    		author 	= "V. V. {Dimakopoulos} and E. {Leontiadis} and G. {Tzoumas}",
    		year    = "2003",
    		title   = "A portable C compiler for OmpenMP V.2.0",
    		journal = "Proc. EWOMP 2003, 5th European Workshop on OpemMP",
    		pages 	= "5-11",
}

//**********************************************************/
//* 
//* THE LETTER F
//* 
//**********************************************************/

@article{Farouk09,
    		author 	= "T. I. {Farouk}",
    		year 		= "2009",
    		title 	= "Modeling and Simulations of DC and RF Atmospheric Pressure
									 	Non-thermal Micro Plasma Discharges: Analysis and Applications",
    		journal = "Doctor Thesis"
}


//**********************************************************/
//* 
//* THE LETTER G
//* 
//**********************************************************/

@article{Gozadinos01,
    		author 	= "G. {Gozadinos}, D. {Vender}, M. M. {Turner} and M. A. {Liberman}",
    		year    = "2001",
    		title   = "Collisionless electron heating by capacitive radio-frequency plasma sheaths",
    		journal = "Plasma Sources Sci. Technol.",
    		volume 	= "10",
    		number 	= "2",
}

@book{Godyak86,
        author		= {V. A. Godyak},
        title		= {Soviet radio frequency discharge research},
        publisher	= {Delphic Associates},
        year		= {1986},
        address		= {Falls Church}
}

@article{Godyak75,
        author		= {V. A. Godyak and A. A. Kuzovnikov},
        title			= {Rectifying properties of rf discharges},
        journal		= SJP,
        volumel		= {1},
        year			= {1975},
        pages			= {276--280}
}

@article{Godyak76a,
        author		= {V. A. Godyak},
        title			= {Steady- state low- pressure rf discharge},
        journal		= SJP,
        volumel		= {2},
        year			= {1976},
        pages			= {78--84}
}

@article{Godyak76b,
        author		= {V. A. Godyak and O. A. Popov and A. Kh. Ganna},
        title			= {Effektive electron collision frequency in rf discharges},
        journal		= SJP,
        volumel		= {2},
        year			= {1976},
        pages			= {560--561}
}

@article{Godyak77,
        author		= {V. A. Godyak and O. A. Popov},
        title			= {Probe diagnostics of an rf plasma},
        journal		= SPTECHP,
        volumel		= {22},
        year			= {1977},
        pages			= {461--464}
}

@article{Godyak79,
        author		= {V. A. Godyak and S. N. Oks},
        title			= {Electron energy distribution in a low- pressure rf discharge},
        journal		= SPTECHP,
        volumel		= {24},
        year			= {1979},
        pages			= {1255--1256}
}

@article{Godyak80,
        author		= {V. A. Godyak and Z. Kh. Ganna},
        title			= {Collisional rf discharge},
        journal		= SJP,
        volumel		= {6},
        year			= {1980},
        pages			= {372--376}
}

@article{Godyak86,
        author		= {V. A. Godyak and A. S. Kanneh},
        title			= {Ion Bombardment Secondary Electron Maintenance of Steady {RF} Discharge},
        journal		= IEEE,
        volumel		= {PS-14},
        year			= {1986},
        pages			= {112--123}
}

@article{Godyak88,
        author		= {V. Godyak and R. Lagushenko and J. Maya},
        title			= {Spatial evolution of the electron-energy distribution in the vicinity of
          		      a discharge-tube constriction},
        journal		= PRA,
        volumel		= {38},
        year			= {1988},
        pages			= {2044--2055}
}

@article{Godyak90a,
        author		= {V. A. Godyak and R. B. Piejak and B. M. Alexandrovich},
        title			= {An experimental system for symmetric capacitive rf discharge studies},
        journal		= RSI,
        volumel		= {61},
        year			= {1990},
        pages			= {2401--2406}
}

@article{Godyak90b,
        author		= {V. A. Godyak and R. B. Piejak},
        title		= {{\em In situ} simultaneous radio frequency discharge power measurements},
        journal		= JVSA,
        volumel		= {8},
        year		= {1990},
        pages		= {3833--3837}
}

@incollection{Godyak90book,
        author		= {V. A. Godyak},
        crossref	= {Aetall}
}

@article{Godyak90c,
        author		= {V. A. Godyak and R. B. Piejak},
        title			= {Probe measurements of the space potential in a radio frequency discharge},
        journal		= JAP,
        volumel		= {68},
        year			= {1990},
        pages			= {3157--3162}
}

@article{Godyak90d,
        author		= {Valery A. Godyak and Natalia Sternberg},
        title			= {Dynamic model of the electrode sheaths in symmetrical driven rf discharges},
        journal		= PRA,
        volumel		= {42},
        year			= {1990},
        pages			= {2299--2312}
}

@article{Godyak90e,
        author		= {V. A. Godyak and R. B. Piejak},
        title			= {Abnormally low electron energy and heating-mode transition in a low-pressure
              			  argon rf discharge at 13.56\,MHz},
        journal		= PRL,
        volumel		= {65},
        year			= {1990},
        pages			= {996--999}
}

@article{Godyak90f,
        author		= {Valery A. Godyak and Natalia Sternberg},
        title			= {Smooth Plasma-Sheath Transition in a Hydrodynamic Model},
        journal		= IEEE,
        volumel		= {PS-18},
        year			= {1990},
        pages			= {159--168}
}

@article{Godyak91a,
        author		= {V. A. Godyak and R. B. Piejak and B. M. Alexandrovich},
        title			= {Ion flux and ion power losses at the electrode sheaths in a symmetrical
			                rf discharge},
        journal		= JAP,
        volumel		= {69},
        year			= {1991},
        pages			= {3455--3460}
}

@article{Godyak92a,
        author		= {V. A. Godyak and R. B. Piejak and B. M. Alexandrovich},
        title			= {Evolution of the Electron-Energy-Distribution Function during rf Discharge
      		          Transition to the High-Voltage Mode},
        journal		= PRL,
        volumel		= {68},
        year			= {1992},
        pages			= {40--43}
}

@article{Godyak92b,
        author		= {V. A. Godyak and R. B. Piejak and B. M. Alexandrovich},
        title			= {Measurements of Electron-Energy-Distribution in low-pressure rf Discharges},
        journal		= PS,
        volumel		= {1},
        year			= {1992},
        pages			= {36--58}
}

@article{Godyak93,
        author		= {V. A. Godyak and R. B. Piejak and B. M. Alexandrovich},
        title			= {Probe Diagnostics of Non -- Maxwellian Plasmas},
        journal		= JAP,
        volumel		= {73},
        year			= {1993},
        pages			= {3657--3663}
}

//**********************************************************/
//* 
//* THE LETTER K
//* 
//**********************************************************/

@article{Kay85,
    author	= {K. {Köhler}, J. W. {Coburn}, D. E. {Horne} and E. {Kay}},
    journal	= {J. Appl. Phys.},
    volume	= {57, 59},
    year	= {1985}
}

@article{Kawano83,
				title 		= "Experimental methods and techniques for negative-ion production
									 	by surface ionization. Part I. Fundamental aspects of surface ionization",
				journal 	= "International Journal of Mass Spectrometry and Ion Physics",
				volume 		= "50",
				number 		= "1",
				pages 		= "1 - 33",
				year 			= "1983",
				note 			= "",
				issn 			= "0020-7381",
				author 		= "H. {Kawano} and F. M. {Page}",
}

@article{Kullig12,
    		author 	= "C. {Kullig}. and J. {Meichsner} and K. {Dittmann} ",
    		year    = "2012",
    		title   = "Detachment-induced electron production in the early afterglow of pulsed cc-rf oxygen plasmas",
    		journal = "Physics of Plasmas",
    		volume 	= "19",
    		pages 	= "73-100",
}

//**********************************************************/
//* 
//* THE LETTER L
//* 
//**********************************************************/

@article{Langmuir23,
        author		= {I. {Langmuir}},
        journal		= GER,
        volumel		= {26},
        year			= {1923},
        pages			= {731}
}

@article{Langmuir26,
        author		= {H. M. Mott-Smith and I. Langmuir},
        title			= {The Theory of Collectors in Gaseous Discharges},
        journal		= PR,
        volumel		= {28},
        year			= {1926},
        pages			= {727--763}
}

@article{Langmuir29a,
        author		= {I. Langmuir},
        title			= {The Interaction of Electron and Positive Ion Space Charges in Cathode Sheaths},
        journal		= PR,
        volumel		= {33},
        year			= {1929},
        pages			= {954--989}
}

@article{Langmuir29b,
        author		= {L. T. and I. Langmuir},
        title			= {A General Theory of the Plasma of an Arc},
        journal		= PR,
        volumel		= {34},
        year			= {1929},
        pages			= {876--922}
}

@article{Lewerentz10,
        author		= {L. {Lewerentz}, R. {Schneider}, A. {Melzer} and K. {Matyash}},
        title			= {Phase-resolved optical emission of dusty rf discharges: II. Modeling},
        journal		= {companion paper: submitted to PRE},
        volumel		= {},
        year			= {2010},
        pages			= {}
}

@article{Los90,
    		author 	= "J. {Los} and J.J.C. {Geerlings}",
    		year    = "1990",
    		title   = "Charge exchange in atom-surface collisions",
    		journal = "Physic Reports",
    		volume 	= "190",
    		number 	= "3",
    		pages 	= "133-190",
}

//**********************************************************/
//* 
//* THE LETTER M
//* 
//**********************************************************/

@article{Matyash06,
        author	= {K. Matyash and R. Schneider},
        journal	= JPP,
        volume	= {72},
        year		= {2006},
        pages		= {809}
}

@article{Matyash07DUST,
        author	= {K. Matyash and R. Schneider and F. Taccogna and D. Tskhakaya},
        title	= {Finite size effects of dust charging in the magnetized edge plasma},
        journal	= {J. Nucl. Mater.},
        volume	= {363-365},
        year	= {2007},
        pages	= {458-461}
}

@article{Matyash10,
        author	= {K. Matyash and R. Schneider and V. R. Ikkurthi and L. Lewerentz and A. Melzer},
        title		= {P$^3$M simulations of dusty plasmas},
        journal	=	PPCF,
        volume	= {52},
        year		= {2010},
        pages		= {124016}
}

@article{Meichsner12,
    		author 	= "J. {Meichsner} and K. {Dittmann} and C. {Kullig}",
    		year    = "2012",
    		title   = "Electron and Negative Ion Analysis in Oxygen Capacitively Coupled Radio Frequency Plasma",
    		journal = "Contrib. Plasma Phys.",
    		volume 	= "52",
    		number 	= "7",
    		pages 	= "49-58",
}

@article{Melzer00a,
        author	= {A. Melzer and V.A. Schweigert and A. Piel},
        title		= {Measurement of the Wakefield Attraction for Dust Plasma Molecules},
        journal	= PhSc,
        volume	= {61},
        year		= {2000},
        pages		= {494}
}

@article{Melzer00b,
        author	= {A. Melzer and Shota Nunomura and Dmitry Samsonov and J. Goree},
        title		= {Laser-excited Mach cones in a dusty plasma crystal},
        journal	= PRE,
        volume	= {62},
        year		= {2000},
        pages		= {4162--4176}
}

@article{Melzer00c,
        author	= {A. Melzer},
        title		= {Laser-experiments on Particle Interactions in Strongly Coupled Dusty Plasma
                		Crystals},
        journal	= PhSc,
        volume	= {T89},
        year		= {2001},
        pages		= {33}
}

@article{Melzer00d,
        author	= {A. Melzer},
        title		= {Laser Manipulation of Particles in Dusty Plasmas},
        journal	= PS,
        volume	= {10},
        year		= {2001},
        pages		= {303}
}

@inproceedings{Melzer00e,
        author		= {A. Melzer},
        title			= {Laser-Manipulation of Microspheres in Dusty (Complex) Plasmas: Laboratory
                		studies and their Application to the International Microgravity Plasma
                		Facility IMPF},
        pages			= {769},
        crossref	= {Sorrento00}
}

@article{Melzer01,
        author		= {A. Melzer and M. Klindworth and A. Piel},
        title			= {Normal Modes of 2D finite Coulomb clusters in Complex Plasmas},
        journal		= PRL,
        volumel		= {87},
        year			= {2001},
        pages			= {115002}
}

@article{Melzer03,
        author		= {A. Melzer},
        title			= {Mode Spectra of Thermally Excited 2D Dust Coulomb Clusters},
        journal		= PRE,
        volumel		= {67},
        year			= {2003},
        pages			= {016411}
}

@article{Melzer04,
        author		= {A. Melzer},
        title			= {Dynamical Properties of Small and Large 2D Coulomb Clusters in Complex Plasmas},
        journal		= IEEE,
        volumel		= {32},
        year			= {2004},
        pages			= {594}
}

@incollection{Melzer05,
        author		= {A. Melzer},
        title		= {Collective Effects in Dusty Plasmas},
        booktitle	= {Plasma Physics, Lecture Notes Phys. 670},
        publisher	= {Springer},
        year		= {2005},
        address		= {Berlin Heidelberg},
        editor		= {A. Dinklage and T. Klinger and G. Marx and L. Schweikhard},
        pages		= {297--329}
}

@article{Melzer06,
        author		= {A. Melzer},
        title		= {Zigzag Transition of Finite Dust Clusters},
        journal		= PRE,
        volumel		= {73},
        year		= {2006},
        pages		= {056404}
}

@incollection{Melzer07,
        author		= {A. Melzer and John Goree},
        title		= {Fundamentals of Complex Plasmas},
        booktitle	= {Low Temperature Plasma Physics. Fundamentals, Technologies, and Techniques
                			(2nd Edition)},
        publisher	= {Wiley-VCH Verlag GmbH},
        year		= {2008},
        address		= {Weinheim},
        editor		= {R. Hippler and H. Kersten and M. Schmidt and K. H. Schoenbach},
        pages		= {129--173}
}

@article{Melzer08,
        author		= {Andre Melzer and Sebastian K{\"a}ding and Dietmar Block and Alexander Piel},
        title		= {Energy landscape in 3D finite dust clusters derived from shell transitions},
        journal		= JPCM,
        volumel		= {20},
        year		= {2008},
        pages		= {404204}
}

@article{Melzer10,
        author		= {Andre Melzer and B. Buttensch{\"o}n and T. Miksch and 
										M. Passvogel and D. Block and O. Arp and A. Piel},
        title		= {Finite dust clusters in dusty plasmas},
        journal		= PPCF,
        volumel		= {52},
        year		= {2010},
        pages		= {124028}
}


@article{Melzer11,
        author		= {Andre Melzer and S. H{\"u}bner and L. Lewerentz and K. Matyash and R. Schneider and V. R. Ikkurthi},
        title		= {Phase-resolved optical emission of dusty rf discharges: Experiment and simulation},
        journal		= PRE,
        volumel		= {83},
        year		= {2011},
        pages		= {036411}
}

@article{Melzer12,
  				author	= {Andre Melzer},
  				title	= {Introduction to Colloidal (Dusty) Plasmas, Lecture Notes},
  				edition	= {2},
  				year	= {2012},
  				pages	= {7,30,36,37,50,132}
}

@article{Melzer94,
        author		= {Andr{\'e} Melzer and Thomas Trottenberg and Alexander Piel},
        title		= {Experimental Determination of the charge on dust particles forming Coulomb
                lattices},
        journal		= PLA,
        volumel		= {191},
        year		= {1994},
        pages		= {301--308}
}

@article{Melzer95a,
        author		= {A. Melzer and A. Homann and A. Piel},
        title		= {Experimental Investigation of the melting transition of the Plasma crystal},
        journal		= PRE,
        volumel		= {53},
        year		= {1996},
        pages		= {2757}
}

@inproceedings{Melzer95b,
        author		= {A. Melzer and A. Homann and A. Piel},
        title		= {The melting transition of the Plasma crystal},
        pages		= {135--138},
        crossref	= {ICPSCP}
}

@article{Melzer95c,
        author		= {A. Melzer and V. A. Schweigert and I. V. Schweigert and A. Homann and S.
   				             Peters and A. Piel},
        title		= {Structure and Stability of the Plasma Crystal},
        journal		= PRE,
        volumel		= {54},
        year		= {1996},
        pages		= {46--49}
}

@article{Melzer95d,
        author		= {A. Melzer and R. Flohr and A. Piel},
        title		= {Comparison of probe measurements and emission spectroscopy in a rf discharge},
        journal		= PS,
        volumel		= {4},
        year		= {1995},
        pages		= {424--431}
}

@article{Melzer96a,
        author		= {A. Melzer and A. Homann and S. Peters and A. Piel and V. A. Schweigert and
                I. V Schweigert},
        title		= {Estimation of Shielding Length for the Phase Transition of the plasma crystal}
}

@article{Melzer96b,
        author		= {A. Homann and Andr{\'e} Melzer and A. Piel},
        title		= {Plasmakristall und Plasmafalle},
        journal		= PB,
        volumel		= {52},
        year		= {1996},
        pages		= {1227-1231}
}

@article{Melzer99a,
        author		= {A. Melzer and V.A. Schweigert and A. Piel},
        title		= {Transition from attractive to repulsive forces in dust molecules in a plasma
                sheath},
        journal		= PRL,
        volumel		= {83},
        year		= {1999},
        pages		= {3194}
}

@article{Melzer99b,
        author		= {A. Melzer and V.A. Schweigert and A. Piel},
        title		= {Experimental evidence for attractive and repulsive forces in dust molecules},
        pages		= {115},
        crossref	= {Hakone99}
}

@inproceedings{Melzer99c,
        author		= {A. Melzer and A. Piel},
        title		= {Experiments on Particle-Particle Interactions in Dusty Plasma Crystals},
        pages		= {383},
        crossref	= {NNPP3}
}

@inproceedings{MelzerBoulder,
        author		= {A. Melzer and A. Homann and A. Piel and V. A. Schweigert and I. V. Schweigert},
        title		= {Laser-excited dust lattice waves and the nonequilibrium phase transition},
        pages		= {199},
        crossref	= {Boulder98}
}

@inproceedings{MelzerBoulderB,
        author		= {A. Melzer and A. Homann and A. Piel and V. A. Schweigert and I. V. Schweigert},
        title		= {Very low frequency void instability in silane discharges},
        pages		= {168},
        crossref	= {Boulder98}
}

@phdthesis{MelzerDipl,
        author		= {Andr{\'e} Melzer},
        title		= {Sondenmessungen und Emissionsspektroskopie an einer
				 	Hochfrequenz--Parallelplattenentladung in Helium},
        school		= {Universit{\"a}t Kiel},
        year		= {1993},
        type		= {Diplomarbeit}
}

@phdthesis{MelzerDr,
        author		= {Andr{\'e} Melzer},
        title		= {Der Plasmakristall: Phasen{\"u}bergang und Stabilit{\"a}t},
        school		= {Christian--Albrechts--Universit{\"a}t Kiel},
        year		= {1997},
        type		= {Dissertation}
}

@book{MelzerDrB,
        author		= {Andr{\'e} Melzer},
        title		= {Der Plasmakristall: Phasen{\"u}bergang und Stabilit{\"a}t},
        publisher	= {Harri Deutsch Verlag GmbH},
        year		= {1997},
        volumel		= {74},
        address		= {Frankfurt/ Main},
        series		= {Reihe Physik}
}

@inproceedings{MelzerGoa,
        author		= {A. Melzer and A. Homann and S. Peters and A. Piel},
        title		= {Experimental Investigations on the melting transition of the plasma crystal},
        pages		= {429},
        crossref	= {Goa96}
}

//**********************************************************/
//* 
//* THE LETTER P
//* 
//**********************************************************/

@article{Piel01,
        author		= {A. Piel and A. Melzer},
        title		= {Dusty plasmas- the state of understanding from an experimentalist's view},
        journal		= {Adv. Space Res.},
        volumel		= {29},
        year		= {2001},
        pages		= {1255-1264}
}

@article{Piel02,
        author		= {A. Piel and A. Melzer},
        title		= {Dynamical processes in complex plasmas},
        journal		= PPCF,
        volumel		= {44},
        year		= {2002},
        pages		= {R1--R26}
}

@article{Piel03,
        author		= {A. Piel and A. Homann and M. Klindworth and A. Melzer and C. Zafiu and V.
                Nosenko and J. Goree},
        title			= {Waves and Oscillations in Plasma Crystals},
        journal		= JPB,
        volumel		= {36},
        year			= {2003},
        pages			= {533}
}

@article{Piel06,
        author		= {A. Piel and M. Klindworth and O. Arp and A. Melzer and M. Wolter},
        title			= {Obliquely Propagating Dust-Density Plasma Waves in the Presence of an Ion
                Beam},
        journal		= PRL,
        volumel		= {97},
        year			= {2006},
        pages			= {205009}
}

@article{Piel08,
        author		= {A. Piel and O. Arp and M. Klindworth and A. Melzer},
        title			= {Obliquely Propagating Dust Density Waves},
        journal		= PRE,
        volumel		= {77},
        year			= {2008},
        pages			= {026407}
}

@article{Piel08a,
        author		= {A Piel and O Arp and D Block and I Pilch and T Trottenberg and S K{\"a}ding
                and Andre Melzer and H Baumgartner and C Henning and Michael Bonitz},
        title			= {Complex plasmas: forces and dynamical behaviour},
        journal		= PPCF,
        volumel		= {50},
        year			= {2008},
        pages			= {124003}
}

@article{Piel09,
        author	= {A. Piel},
        title		= {Plasma Crystals- Structure and Dynamics},
        journal	= {Plasma Fusion Res.},
        volume	= {4},
        year		= {2009},
        pages		= {13}
}

@article{Piel10,
		  author		= {A. Piel},
		  title			= {Plasma Physics - An Introduction to Laboratory, Space and Fusion Plasmas},
		  publisher		= {Springer}
}

@article{Piel94,
        author	= {A. Piel},
        title		= {Plasma Crystals show new order},
        journal	= PW,
        year		= {1994},
        pages		= {23--24},
        month		= {October}
}

@article{Piel98,
        author	= {A. Piel and A. Homann and A. Melzer},
        title		= {Laser-excited waves in a plasma crystal},
        journal	= PPCF,
        volume	= {41},
        year		= {1999},
        pages		= {A453--A461}
}

//**********************************************************/
//* 
//* THE LETTER T
//* 
//**********************************************************/

@article{Timko10,
 				author 	= "Helga {Timko}",
 				year   	= "2010",
 				title  	= "Scaling in 2D PIC",
 				journal = "Helsinki Institute of Physics",
}

@article{Tskhakaya07,
	 			author  = "D. {Tskhakaya} and K. {Matyash} and R. {Schneider} and F. {Taccogna}",
	 			year	  = "2007",
 				title   = "The Particle-In-Cell Method",
 				journal = "Contrib. Plasma Phys.",
 				volume  = "47",
 				number  = "8-9",
				pages   = "563--594",
    		title 	= "Instabilities in ion thrusters by plasma-wall interactions",
    		journal = "Diplom Thesis"
}

//**********************************************************/
//* 
//* THE LETTER U
//* 
//**********************************************************/

@article{Ustaze97,
    		author 	= "S. {Ustaze} and R. {Verucchi} and S. {Lacombe} and L. {Guillemot} and V.A. {Esaulov}",
    		year    = "1997",
    		title   = "Electron Capture and Loss processes in the Interaction 
					of Hydrogen, Oxygen and Fluorine Atoms and Negative Ions with a MgO(100) Surface",
    		journal = "Physical Review Letters",
    		volume 	= "79",
    		number 	= "18",
    		pages 	= "3526-3529",
}

//**********************************************************/
//* 
//* THE LETTER X
//* 
//**********************************************************/

@article{Xiayoe99,
    		author 	= "S. Li {Xiayoe} and J.R. {Gilbert} and J.W. {Demmel} ",
    		year    = "1999",
    		title   = "SuperLU Users' Guide",
}

//**********************************************************/
//* 
//* THE LETTER Z
//* 
//**********************************************************/

@article{Zeuner98,
    		author 	= "M. {Zeuner} and H. {Neumann} and J. {Zalman} and H. {Biedermann} ",
    		year    = "1998",
    		title   = "Sputter process diagnostics by negative ions",
    		journal = "Journal of Applied Physics",
    		volume 	= "83",
    		number 	= "10",
    		pages 	= "5083-5086",
}
