//**********************************************************/
//* 
//* THE PREAMBLE, DEFINITIONS
//* 
//**********************************************************/

@STRING{ SUBM = "{\em Submitted to }"}
@STRING{ accp = "{\em accepted for publication in }"}
@STRING{ AA = "Astronom.\ Astrophys."}
@STRING{ AJ = "Ap.\ J."}
@STRING{ AO = "Applied Optics"}
@STRING{ AIP = "AIP Conf. Proc."}
@STRING{ APL = "Appl.\ Phys.\ Lett."}
@STRING{ AJP = "Am.\ J.\ Phys."}
@STRING{ BPP = "Beitr.\ Plasmaphysik"}
@STRING{ CP = "Contemp.\ Phys."}
@STRING{ CPL = "Chem.\ Phys.\ Lett."}
@STRING{ CTP = "Contrib.\ Plasma Phys."}
@STRING{ CJP = "Can. \ J. \ Phys."}
@STRING{ EPL = "EPL"}
@STRING{ GER = "G. E. Rev."}
@STRING{ GRL = "Geophys.\ Res.\ Lett."}
@STRING{ JGR = "J.~Geophys.\ Res."}
@STRING{ IEEE = "IEEE Trans.\ Plasma Sci."}
@STRING{ IC = "Icarus"}
@STRING{ JAP = "J.~Appl.\ Phys."}
@STRING{ JCIS = "J. Colloid\ Interface\ Sci."}
@STRING{ JCP = "J.~Chem.\ Phys."}
@STRING{ JCPRD = "J.~Chem.\ Phys.\ Ref.\ Data"}
@STRING{ JECS = "J.~Electrochem.\ Soc."}
@STRING{ JETPl = "JETP Lett."}
@STRING{ JETP = "JETP"}
@STRING{ JGR = "J.~Geophys.\ Res."}
@STRING{ JJAP = "Jpn.\ J.~Appl.\ Phys."}
@STRING{ JOSAB = "J.~Opt.\ Soc.\ Am.\ B"}
@STRING{ JPA = "J.~Phys.~A"}
@STRING{ JPB = "J.~Phys.~B: At. Mol. Opt. Phys."}
@STRING{ JPC = "J.~Phys.~C"}
@STRING{ JPCM = "J.~Phys.: Condens. Matter"}
@STRING{ JPCh = "J.~Phys.~Chem."}
@STRING{ JPD = "J.~Phys.~D:\ Appl.\ Phys."}
@STRING{ JPE = "J.~Phys.~E"}
@STRING{ JPP = "J.~Plasma Phys."}
@STRING{ JPSJ = "J.~Phys.\ Soc.\ Jpn"}
@STRING{ JP3F = "J.~Phys.\ III \ France"}
@STRING{ JP4F = "J.~Phys.\ IV \ France"}
@STRING{ JQSRT = "J.~Quant.\ Spectrosc.\ Radiat.\ Transfer"}
@STRING{ JVSA = "J.~Vac.\ Sci.\ Technol.~A"}
@STRING{ JVSB = "J.~Vac.\ Sci.\ Technol.~B"}
@STRING{ MST = "Meas.\ Sci.\ Technol."}
@STRING{ NAT = "Nature"}
@STRING{ NJP = "New J.\ Phys."}
@STRING{ PB = "Phys. Bl."}
@STRING{ PAC = "Pure and Appl.\ Chem."}
@STRING{ OPTSP = "Opt.\ Spectrosc."}
@STRING{ OL = "Opt.\ Lett."}
@STRING{ PLA = "Phys.\ Lett.~A"}
@STRING{ PF = "Phys.\ Fluids"}
@STRING{ PFB = "Phys.\ Fluids~B"}
@STRING{ PP = "Plasma Phys."}
@STRING{ PRp = "Physics Reports"}
@STRING{ PoP = "Phys.\ Plasmas"}
@STRING{ PM = "Phil.\ Mag."}
@STRING{ PCPP = "Plasma~Chem.\ Plasma~Process."}
@STRING{ Phy = "Physica"}
@STRING{ PhyA = "Physica A"}
@STRING{ PhyE = "Physica E"}
@STRING{ PR = "Phys.\ Rev."}
@STRING{ PRA = "Phys.\ Rev.~A"}
@STRING{ PRB = "Phys.\ Rev.~B"}
@STRING{ PRE = "Phys.\ Rev.~E"}
@STRING{ PRL = "Phys.\ Rev.\ Lett."}
@STRING{ PS = "Plasma Sources\ Sci.\ Technol."}
@STRING{ PSST = "Plasma Sources\ Sci.\ Technol."}
@STRING{ PhSc = "Physica\ Scripta"}
@STRING{ PPCF = "Plasma\ Phys.\ Control.\ Fusion"}
@STRING{ PPR = "Plasma Phys. Rep."}
@STRING{ PPS = "Proc.\ Phys.\ Soc."}
@STRING{ PSS = "Planet.\ Space\ Sci."}
@STRING{ PT = "Physics Today"}
@STRING{ PW = "Physics World"}
@STRING{ PZTF = "Pisma Zhour.\ Tech.\ Fis."}
@STRING{ PZ = "Phys.\ Z."}
@STRING{ RCA = "RCA Rev."}
@STRING{ RG = "Rev.\ Geophys."}
@STRING{ RMP = "Rev.\ Mod.\ Phys."}
@STRING{ RSI = "Rev.\ Sci.\ Instrum."}
@STRING{ RPA = "Revue Phys.\ Appl."}
@STRING{ RPP = "Rep.\ Prog.\ Phys."}
@STRING{ Sci = "Science"}
@STRING{ ScAm = "Scientific American"}
@STRING{ SJP = "Sov.\ J.~Plasma Phys."}
@STRING{ SPTP = "Sov.\ Phys.\ JETP"}
@STRING{ SPTECHP = "Sov.\ Phys.\ Tech.\ Phys."}
@STRING{ SPU = "Sov.\ Phys.\ Usp."}
@STRING{ TFS = "Trans.~Faraday~Soc."}
@STRING{ ZAP = "Z.\ angew.\ Phys."}
@STRING{ ZP = "Z.\ Phys."}
@STRING{ ZPB = "Z.\ Phys.~B"}
@STRING{ ZPD = "Z.\ Phys.~D"}
@STRING{ ZNF = "Z.\ Naturforschung"}
@STRING{ ZTP = "Zh. Tekh. Fiz."}
